2117 3984
217 478 279 538 ’.ω
293 469 498 540 Africum
511 472 597 540 Lm.
613 470 713 540 VIII.
744 493 813 567 349

134 603 184 648 me
194 583 361 646 existimiris
379 587 416 646 ad
430 581 604 646 manendum
617 585 672 651 esse
687 608 816 669 propen-

133 669 264 739 siorem,
284 667 365 745 qubd
381 668 463 747 plura
474 668 506 724 in
521 686 586 726 eam
605 686 715 747 partem
725 670 816 729 verba

133 743 275 819 fecerim,
294 744 388 825 potest
411 745 473 807 fieri
491 791 500 820 ,
542 746 602 806 uod
620 746 701 806 sitin
718 751 815 810 multis

175 824 339 886 astionibus
350 868 361 900 ,
373 844 459 887 utres
474 768 625 889 verbosior
639 827 701 886 haec
712 826 818 902 fuerit,

134 845 184 966 ffiir
200 905 309 966 verior.
322 905 526 983 Quamobrem
541 923 574 966 ut
590 908 715 965 maxima
734 908 771 968 de
784 929 817 969 re
885 904 890 912 ⁸

134 1005 221 1080 equo
240 988 338 1045 animo
355 986 542 1060 deliberanti,
552 988 592 1046 ita
603 987 674 1046 mihi
687 986 737 1046 des
748 1008 819 1047 con·

123 1065 230 1128 eibum
248 1066 348 1125 velim.
366 1065 457 1127 Navis
478 1068 510 1127 ὃ(
526 1069 555 1125 in
575 1064 679 1144 Cajera
696 1064 736 1127 est
760 1087 818 1146 pa-

135 1161 197 1208 rata
214 1145 320 1218 nobis,
337 1146 369 1205 &
380 1145 532 1206 Brundisii.
544 1145 603 1205 Sed
620 1166 690 1208 ecce
706 1149 818 1222 nuntii,

89 1191 277 1288 ‚scribente
297 1245 345 1285 me
361 1226 423 1285 haec
442 1226 503 1304 ipsa
526 1225 611 1285 nosiu
630 1229 660 1286 in
682 1225 818 1302 Caleno,

135 1325 206 1367 ecce
233 1306 363 1379 littera,
388 1304 533 1366 Caesarem
564 1306 602 1363 ad
627 1304 817 1383 Corfinium,

136 1383 304 1447 Domitium
327 1382 449 1446 Corfinii
469 1406 536 1444 cum
555 1382 640 1445 firmo
668 1391 818 1463 exercitu,

137 1465 311 1547 &pugnare
332 1468 476 1545 cupiente.
490 1465 560 1525 Non
573 1482 644 1543 puto
662 1469 749 1526 eciam
760 1468 818 1527 hoc

138 1543 263 1608 cneum
281 1544 406 1605 nostmm
423 1543 653 1618 commissurum,
672 1540 819 1606 utDomi·

136 1627 211 1688 tium
233 1626 374 1707 relinquat
395 1629 475 1687 :etsi
499 1625 684 1686 Brundisium
703 1624 820 1705 Scipio·

137 1727 209 1770 nem
224 1727 291 1768 cum
313 1707 480 1767 cohortibus
501 1706 610 1766 duabus
632 1704 819 1787 praemiseram

99 1793 102 1798 '
137 1785 288 1870 legionem
314 1807 331 1845 a
353 1785 456 1847 Fausto
480 1784 671 1867 conscriptam
695 1789 725 1847 in
746 1785 822 1846 Sici·
879 1795 883 1802 “

138 1865 208 1928 Ram
225 1867 278 1926 sibi
296 1866 409 1945 placere
425 1889 442 1926 a
460 1866 575 1927 consule
593 1868 683 1941 duci,
702 1866 822 1948 scripse·

138 1965 184 2008 mr
203 1945 242 2007 ad
258 1946 387 2007 consules
405 1946 473 2007 :sed
488 1965 572 2027 turpe
590 1946 756 2007 Domitium
771 1947 821 2008 de·

139 2026 234 2088 serere
257 2029 336 2099 erit,
361 2028 565 2106 implorantem
584 2025 645 2103 ejus
675 2028 821 2087 auxilium.

139 2103 189 2168 Est
216 2107 347 2189 quaedam
367 2107 429 2185 spes
450 2106 520 2165 mihi
541 2109 657 2185 quidem
674 2128 734 2166 non
756 2127 822 2166 ma-

211 2223 221 2260 ,
239 2185 288 2247 sed
305 2190 334 2245 in
351 2187 394 2245 his
408 2187 480 2245 locis
497 2183 598 2260 firma,
618 2184 769 2245 Afranium
791 2190 822 2247 in

140 2207 272 2329 discusso
291 2288 356 2326 cum
371 2265 523 2327 Trebonio
540 2263 697 2347 pugnasse,
710 2258 822 2346 pulsum

141 2343 349 2420 Trebonium,
365 2350 451 2407 etiam
466 2344 587 2406 Fabium
604 2360 688 2405 tuum
696 2344 823 2407 transisse

142 2449 211 2489 cum
228 2428 394 2488 cohortibus
404 2448 412 2485 ι
422 2428 529 2488 summa
539 2443 656 2499 autem,
670 2426 824 2487 Afranium

142 2528 211 2568 cum
234 2511 343 2589 magnis
366 2511 457 2587 copiis
476 2508 641 2567 adventare.
661 2505 696 2566 Id
715 2510 739 2566 si
756 2506 824 2584 est,
851 2551 859 2559 -

141 2589 174 2647 in
196 2586 278 2648 Italia
301 2587 415 2648 fortasse
434 2589 603 2648 manebitur.
624 2587 687 2669 Ego
706 2603 823 2663 autern,

142 2688 234 2750 quum
254 2666 322 2729 esset
342 2671 482 2729 incertum
505 2671 560 2729 iter
584 2666 724 2742 Cesaris,
743 2670 824 2749 qubd

142 2748 194 2810 uel
211 2748 248 2808 ad
264 2747 415 2828 Capuam,
432 2750 481 2810 vei
504 2750 541 2809 ad
563 2749 711 2810 Luceriam
732 2750 824 2808 iturus

164 2829 296 2889 utebatur
306 2872 315 2899 ,
324 2827 446 2907 Leptam
461 2830 498 2889 ad
514 2829 685 2909 Pompeium
698 2829 777 2898 misi,
791 2828 823 2885 &

142 2849 252 2970 imeras
268 2930 278 2981 3
294 2908 377 2987 ipse,
395 2919 430 2968 n'e
448 2911 506 2987 qub
525 2910 700 2979 inciderem,
718 2907 826 2965 reverti

142 2986 286 3052 Formias.
295 2988 366 3053 Haec
378 3006 407 3049 te
424 2988 495 3049 scire
503 2991 601 3067 volui,
618 2987 770 3069 scripsique
783 2983 826 3046 se.-
