2117 3984
406 442 472 518 ¹94
583 420 893 492 Errsrorn
941 457 963 500 ,-

419 583 423 592 ·
504 551 670 620 Crcrao
700 558 868 618 Arrrco
900 555 978 618 Snc

402 654 980 754 16.Oceurnrrorunnearunae

398 771 420 828 si
442 790 513 830 num
539 774 614 843 erit,
633 769 713 850 qubd
731 768 852 850 epistola
870 772 978 832 librarii

398 789 451 911 eff.
479 848 530 914 De
558 849 742 930 epistolamm
767 851 928 930 frequentia
955 871 980 914 tc

399 929 502 992 accuso
524 951 532 990 ι
554 929 603 992 sed
621 931 767 1011 pleraeque
788 929 980 993 tantummode

398 1013 570 1074 nuntiabam
587 1012 637 1073 ubi
657 1009 749 1084 effes,
766 1012 846 1091 quod
865 1031 948 1077 erant
967 1035 980 1074 a

373 1165 375 1170 Ι
399 1091 450 1153 vel
472 1095 568 1160 etiam·
585 1090 783 1174 significabant
801 1136 811 1165 ‚
831 1092 908 1152 teile
928 1091 980 1156 elle

399 1175 429 1231 in
456 1193 566 1255 genere
588 1174 712 1232 maxime
734 1171 909 1233 deleaarunt
935 1173 980 1234 du·

398 1251 506 1330 ¹eodem
515 1271 649 1333 tempore
657 1254 707 1313 abs
715 1270 745 1313 te
756 1251 898 1314 Buthroto
911 1252 980 1314 data

399 1336 478 1394 enim
490 1334 628 1396 volebam
638 1353 667 1395 re
680 1333 836 1394 commode
852 1332 980 1415 navigall

399 1414 461 1474 haec
476 1435 494 1476 e
516 1414 663 1485 istolarum
678 1413 838 1494 frequentia
853 1436 912 1474 non
926 1431 980 1474 tarr

401 1511 462 1557 tate
493 1496 551 1570 ui,
570 1494 657 1577 quim
678 1496 822 1556 celeritate
844 1493 980 1556 deleant

401 1574 456 1646 ¹fuit
500 1579 594 1649 ravis,
615 1576 647 1636 &
664 1576 751 1656 plena
763 1594 890 1650 uerum,
929 1589 980 1636 uar

399 1656 449 1716 M.
469 1598 617 1728 linceius,
641 1655 745 1737 hospes
766 1673 851 1730 tuus,
874 1595 978 1716 reldid

399 1756 466 1796 eam
481 1736 633 1798 rescribam
649 1738 754 1817 igitur,
771 1736 803 1795 δι
820 1737 876 1795 hoc
893 1735 980 1816 quide

399 1819 491 1876 mium.
511 1816 613 1876 Paccio
635 1836 667 1876 re
690 1817 723 1876 &
742 1816 839 1876 verbis
862 1814 975 1878 ostendi

400 1913 450 1955 tua
473 1894 688 1964 commendatio
709 1896 847 1975 ponderis
866 1896 980 1960 haberer

402 1991 460 2057 que
477 1980 508 2036 in
527 1977 634 2036 intimis
653 1974 694 2037 est
711 1979 803 2049 meis,
823 1997 911 2056 quum
928 1995 979 2040 ant

399 2076 453 2118 -tuo
468 2079 528 2118 non
547 2055 650 2118 fuisset.
672 2056 757 2117 Nunc
778 2076 897 2139 pergam
917 2056 954 2119 ad
978 2091 980 2108 ·

400 2136 521 2211 Narro,
546 2138 661 2218 dequo
684 2139 720 2199 ad
739 2158 787 2198 me
809 2136 903 2198 scribis
922 2183 931 2211 ‚
947 2141 978 2198 in

401 2237 448 2280 cur
469 2222 500 2281 in
517 2220 641 2300 aliquem
658 2220 779 2291 locum,
806 2222 828 2277 si
847 2219 940 2278 modi)
959 2240 976 2280 e

403 2323 482 2362 cus:
510 2301 560 2360 sed
583 2297 656 2358 nosti
675 2320 766 2381 genus
789 2298 979 2380 dialogorum

402 2401 491 2455 rum3
508 2397 540 2440 ut
557 2382 587 2439 in
603 2383 757 2453 oratoriis,
783 2400 856 2460 quos
875 2397 905 2439 tu
925 2383 955 2440 in
975 2406 980 2436 ι

401 2460 483 2535 fers,
506 2481 567 2522 non
586 2464 696 2521 mentio
718 2464 813 2540 potuit
833 2458 896 2521 fieri
916 2457 980 2538 cuju

399 2541 438 2607 ab
460 2543 518 2616 iis,
536 2543 584 2621 qui
602 2541 764 2620 disputant,
784 2543 838 2600 nisi
855 2540 938 2612 elus,
957 2563 979 2624 q

397 2637 519 2693 notus,
542 2639 590 2679 aut
617 2622 728 2680 auditus
753 2620 830 2683 effer.
856 2622 941 2682 Hanc
962 2641 979 2681 e

400 2701 568 2781 republica,
582 2721 667 2780 quam
683 2700 785 2762 institui
797 2747 806 2775 ,
820 2701 980 2781 disputatior

403 2781 534 2850 Africani
555 2779 729 2857 personam,
750 2784 780 2841 &-
807 2782 899 2856 Phili,
924 2781 980 2842 &3

401 2864 432 2922 &
453 2861 567 2921 Manilii
587 2861 719 2920 contuli:
744 2861 859 2940 adjunxi
884 2862 980 2923 adolel

305 3025 310 3034 ·
402 2943 444 3024 Q.
462 2941 651 3005 Tuberonem
670 2987 680 3016 ,
699 2940 731 3003 P.
750 2932 918 3015 Rutilium}
938 2944 980 3005 du·
