2117 3984
258 480 328 554 302
416 458 745 527 'Eptsrotn

244 593 310 636 non
326 561 443 650 tenuit:
459 573 509 635 sed
526 574 584 632 citi>
603 571 640 631 ad
659 570 688 630 se
707 570 793 632 rediit
810 590 820 644 3
842 566 935 633 meis·

245 663 308 734 que'
318 654 615 716 honorificentissimis
631 670 699 751 erga
712 649 739 711 se
752 649 854 711 officiis
865 653 934 714 vic-

245 751 321 808 tus,
341 736 429 814 plutis
450 755 484 796 ea
503 735 611 806 duxit,
632 751 719 811 quatn
737 751 859 792 omnem
879 751 939 812 pe·

245 817 378 876 ¹cuniam.
402 803 466 897 Ego
478 835 495 874 a
508 813 598 874 Curio
608 812 723 882 tabulas·
732 815 850 892 accepi,
867 833 938 894 quat

248 906 370 955 ’meeum
390 914 486 976 porto.
509 894 659 953 Hortensii
677 892 771 973 legata
792 913 828 951 co
873 894 939 955 ovi:

246 996 330 1035 nunc
342 995 416 1036 aveo
435 975 504 1034 scite
523 973 592 1053 quid
604 973 729 1031 hominis
745 976 801 1046 sit,
869 993 940 1055 qut-

244 1063 321 1115 'runt
331 1075 425 1115 rerum
435 1054 598 1116 auffionem
606 1050 852 1113 instituattnescio
862 1056 942 1114 enim

252 1155 325 1209 cur,
345 1155 435 1216 quum
453 1150 570 1216 portam
588 1131 808 1193 flumentanam
825 1130 942 1196 Coelius

247 1218 417 1294 occuparit,
430 1236 446 1275 e
469 1238 487 1275 o
501 1214 638 1275 Puteoi'os
653 1233 713 1271 non
727 1231 811 1273 meos
824 1212 942 1276 faciam.

247 1293 354 1354 ¹Venio
379 1296 416 1355 ad
438 1236 572 1366 ἐπεκα,
597 1296 628 1352 in
647 1313 706 1373 quo
723 1295 816 1375 inagis
834 1313 943 1380 repin-

250 1373 424 1435 hendendus
435 1375 515 1449 sunt,
528 1373 608 1455 qund
624 1373 714 1433 hoino
726 1374 884 1436 Romanus
892 1373 943 1434 Pi-

246 1472 328 1524 naeea
345 1454 522 1536 scripserim,
543 1476 604 1513 non
616 1452 755 1514 Piraeeutn
774 1453 841 1536 (sic
862 1455 943 1516 enim

256 1547 360 1606 otnnes¹
379 1534 467 1596 nostri
487 1536 576 1595 l'ocuti
597 1533 686 1606 sunt)
707 1534 794 1614 quim
813 1535 897 1615 quid
912 1537 943 1596 ia

247 1616 417 1676 ·addiderim
432 1638 439 1673 :
460 1637 521 1675 non
534 1616 611 1675 enim
623 1614 679 1674 hoc
691 1632 723 1673 ut
737 1616 852 1755 opffido
864 1635 945 1696 prae-

251 1694 341 1776 ·posui
360 1742 368 1769 ‚
389 1696 438 1757 sed
459 1714 491 1755 ut
507 1697 594 1766 loco;
614 1695 757 1755 &tamen
809 1697 946 1776 'onytius

248 1774 374 1848 noster,
389 1779 438 1857 qui
456 1775 497 1836 est
514 1774 682 1847 nobiscum,
700 1775 732 1834 &
747 1773 845 1836 Nicias
859 1774 944 1838 Cous

247 1859 318 1913 'non'
333 1856 449 1916 rebatur
467 1856 609 1934 oppidum
627 1853 684 1914 effe
699 1854 814 1922 Pinna,
835 1855 894 1917 sed
906 1857 945 1919 de

249 1935 428 1994 'te-videro:
448 1934 576 1994 nostrum
596 1935 712 2014 quidem
733 1938 757 1994 si
777 1934 818 1996 est
838 1957 946 2018 pecca·

250 2028 338 2088 tum,
355 2017 384 2073 in
403 2034 441 2076 eo
462 2013 523 2088 est,
542 2015 643 2095 qubd‚
668 2035 727 2073 non
749 2034 780 2076 ut
798 2015 835 2077 de
854 2019 945 2100 oppi-

248 2092 320 2166 'd0‚
340 2095 453 2171 locutus
470 2095 556 2166 sum,
579 2094 628 2154 sed
645 2112 677 2153 ut
698 2095 734 2154 de
756 2096 824 2158 loco
836 2116 846 2170 ;
860 2097 946 2159 secu·

247 2174 357 2255 ‘tusque
378 2176 439 2235 sum
460 2221 469 2249 ,
491 2195 552 2234 non
572 2176 637 2235 dico
661 2173 834 2250 Caecilium,
855 2180 945 2240 Mani

248 2273 290 2314 -ιιι
305 2278 340 2313 ex
354 2276 435 2336 portu
447 2261 476 2316 in
492 2258 626 2315 Piraeeum
644 2254 656 2333 (
671 2258 762 2316 malus
776 2258 857 2318 enim
873 2279 944 2319 auc·

256 2352 303 2394 tot
321 2337 464 2397 latinitatis
486 2335 526 2396 est
544 2335 557 2417 )
576 2336 624 2396 sed
642 2335 838 2410 Terentium,
858 2337 941 2417 cujus

256 2413 369 2473 fabellae
391 2433 510 2497 propter
527 2417 698 2498 elegantiam
719 2414 860 2480 sermonis
882 2439 943 2500 pu-

257 2494 390 2555 tabantur
408 2519 425 2555 a
447 2496 485 2557 C.
506 2496 596 2558 Laelio
621 2498 725 2569 scribi,
749 2497 817 2557 Heri
835 2500 944 2584 aliquot

250 2575 453 2654 ·ad0lescentuli
468 2579 570 2636 coimus
583 2580 612 2636 in
627 2581 780 2648 Pineum
800 2578 832 2639 &
844 2578 946 2655 idem',

256 2655 399 2716 Mercator
421 2659 471 2717 hoc
493 2659 641 2729 addebat,
667 2662 774 2738 captam
802 2683 816 2719 e
844 2660 945 2721 Sunia.

249 2731 358 2811 Quid·
371 2739 395 2796 si
411 2737 492 2815 δέμκς
511 2738 625 2818 oppida'
635 2737 769 2798 vol'umus
789 2737 847 2799 eise
858 2759 868 2812 ;
880 2737 949 2800 tant

251 2813 302 2873 'est
315 2815 588 2896 oppidum'Sunium
599 2863 609 2892 ‚
627 2819 713 2897 quim
724 2817 857 2879 Piraeeus.
868 2819 948 2895 Sed',

251 2900 623 2976 quoniam-grammaticus
652 2920 714 2971 es,
739 2902 763 2958 si
787 2899 845 2959 hoc
874 2902 948 2960 mihi

258 2975 379 3052 ζιᾶτιιμι
391 2974 563 3056 persolveris
582 3023 591 3052 ,
613 2980 719 3060 magni
737 2999 787 3041 tne
811 2979 949 3043 molestia
