2117 3984
257 485 325 546 'AD
345 475 554 543 Arrrcvrr
575 469 741 538 LiralV.
782 469 848 562 187

166 609 234 654 tum.
259 590 396 671 Quintus
414 585 503 646 frater
520 585 557 645 ad
578 606 625 646 me
644 585 777 667 scripsit,
798 586 850 660 se,

167 675 303 756 qnoniam
329 667 507 731 Ciceronem
533 664 732 726 suavissimum
755 665 851 727 secum

168 753 303 826 saberet,
316 751 356 812 ad
370 767 401 812 te
414 747 508 810 Nonis
524 747 599 807 Maii
609 765 772 808 venturum.
787 745 851 829 Ego

168 853 211 904 m
228 835 269 898 de
290 829 432 894 Cumano
452 831 618 890 moriame
641 827 719 889 diem
740 847 762 887 v
785 827 852 888 Kal.

170 913 255 978 Maii:
274 933 315 975 eo
335 913 384 974 die
401 909 528 991 Neapoli
544 909 622 990 apud
638 907 765 968 Latum:
788 928 852 969 ante

171 995 244 1064 diem
258 1011 295 1054 ιν
305 994 375 1054 Kal.
392 991 485 1066 Maii,
501 993 564 1052 iens
579 991 608 1050 in
620 988 852 1070 Pompeianum,

171 1075 239 1138 bene
256 1075 344 1138 mani
367 1073 429 1133 haec
451 1070 561 1151 scripsi.

264 1192 434 1255 Crcaao
468 1189 639 1252 Arrrco
670 1191 757 1254 Sir.

177 1275 550 1409 roDacacriaurr
568 1334 617 1373 me
632 1311 759 1393 epistolae
773 1331 851 1389 tuae,

175 1395 851 1558 siriam?Qz‘stsissrffiss'iffl

175 1555 223 1620 nit·
234 1553 331 1620 Etiam
347 1554 422 1618 iilud
432 1553 593 1632 cujusmodi
608 1557 665 1627 sir,
681 1556 771 1616 veiim
784 1577 853 1637 per·

172 1631 262 1716 spicim
282 1656 290 1696 ε
341 1651 407 1698 ores
427 1657 444 1696 a
464 1634 648 1697 Demetrio:
669 1635 740 1698 dixit
759 1637 852 1696 Pom·

170 1717 245 1796 peius
263 1759 275 1792 ‚
327 1714 432 1777 rassum
453 1715 513 1776 ase
535 1719 565 1775 in
587 1715 705 1776 Albano
731 1716 852 1798 exspec-

170 1797 217 1856 mri
232 1817 260 1858 ι.
274 1795 306 1856 d.
327 1813 366 1857 1v
383 1795 529 1856 Kalendas
542 1817 550 1854 ε
567 1798 590 1856 is
607 1816 696 1876 quum
711 1798 850 1871 venisset,

170 1871 292 1940 Romam
310 1874 369 1938 esse
387 1875 480 1937 statim
496 1894 658 1949 venturos,
675 1896 707 1938 ut
725 1883 850 1941 rationes

172 1975 235 2022 mm
254 1957 418 2020 Publicanis
459 1974 590 2022 utarent:
614 1961 762 2036 quaesivi,
788 1961 851 2042 gla-

170 2035 382 2104 diamribusnei
399 1979 565 2118 resiaondit,
580 2040 645 2098 ant&
662 2039 749 2122 quim
767 2041 851 2099 indu·

174 2135 310 2182 cerenmr.
331 2117 367 2184 ld
391 2117 551 2196 cujusmodi
574 2123 634 2187 sit,
661 2138 709 2179 aut
733 2124 850 2180 nuncsi

173 2195 267 2270 scias,
286 2219 330 2262 aut
349 2221 440 2281 quum
460 2202 484 2258 is
504 2199 632 2260 Romam
651 2202 787 2273 venerit,
814 2201 851 2260 ad

169 2297 218 2344 me
236 2280 329 2344 mitras
346 2281 448 2342 velim.
470 2279 535 2340 Nos
551 2280 598 2340 hic
615 2299 751 2338 voramus
773 2281 853 2339 licre·

168 2379 211 2418 ras
230 2381 297 2426 cum
314 2361 437 2424 homine
454 2359 575 2421 mirifico
596 2369 609 2436 (
627 2363 667 2420 ita
686 2360 849 2422 mehercule

168 2435 285 2524 sencio)
302 2439 455 2524 Dionysio
468 2487 477 2514 ‚
491 2444 540 2544 qui
557 2458 605 2513 te,
620 2440 778 2522 omnesque
795 2463 850 2500 vos

167 2517 274 2582 salutat.
305 2521 388 2585 ossii
416 2540 573 2593 γλυκυτιρον
606 2519 622 2587 ri
642 2519 724 2581 πέντ’
750 2521 851 2584 riir'rar.

167 2599 267 2680 Quare
288 2617 320 2662 nt
333 2601 447 2662 homini
465 2600 578 2661 curioso
593 2603 632 2660 ita
651 2601 791 2678 perscribe
812 2605 848 2664 ad

167 2701 238 2756 me,
258 2681 329 2762 quid
346 2684 456 2763 primus
478 2682 539 2742 dies
559 2727 568 2754 ,
597 2681 665 2761 quid
683 2681 821 2743 secundus
842 2731 851 2759 ‚

168 2761 235 2844 quid
255 2761 417 2836 censores,
442 2762 512 2842 quid
535 2760 678 2843 Appius,
708 2766 776 2844 quid
798 2763 848 2823 illa

185 2843 268 2924 opuli
287 2843 431 2924 Apuleia:
452 2843 575 2922 denique
593 2846 681 2903 etiam
700 2846 768 2924 quid
787 2865 804 2901 a
820 2861 849 2902 te

168 2861 235 2995 iat,
253 2923 291 2984 ad
309 2945 357 2985 me
375 2925 466 2985 velim
483 2923 605 2984 scribas:
622 2945 682 2984 non
698 2930 775 2987 enirn
791 2921 850 3020 (ut

168 3005 234 3070 reti
255 3005 435 3090 loquamur)
453 3023 513 3068 tam
533 3006 617 3069 rebus
632 3009 739 3081 novis,
760 3021 847 3085 quam
