2117 3984
261 474 304 547 52
446 447 748 514 En1saoam

257 563 344 632 silio,
367 561 415 640 qui
435 560 505 617 dum
523 561 631 618 veritus
651 556 711 631 est,
733 578 770 617 ne
793 555 890 618 Fufius
910 559 938 620 ei

255 643 314 721 legi
333 641 544 712 intercederet,
561 659 624 717 quae
641 659 677 698 ex
694 638 936 700 senatusconsulto

256 720 430 794 ferebatur,
457 741 517 778 non
543 720 617 779 vidit
644 719 743 790 illud,
772 718 856 777 satius
883 717 938 780 effe

254 801 335 859 illum
368 804 397 858 in
429 798 545 859 infamia
573 799 694 878 relinqui
722 819 756 856 ac
783 798 939 875 sordibus,

256 883 345 961 quiam
365 879 477 939 infirmo
497 876 605 954 judicio
624 880 785 936 committi:
805 876 854 937 sed
874 879 939 938 duc·

255 978 300 1019 tus
321 960 391 1020 odio
412 960 578 1038 properavit
601 979 662 1017 rem
683 957 826 1017 deducere
846 960 877 1017 in
898 957 939 1035 ju·

256 1040 385 1110 dicium,
404 1059 492 1118 quum
511 1038 593 1096 illum
613 1038 751 1117 plumbeo
775 1037 872 1125 gladio
893 1036 940 1117 ju·

256 1121 385 1201 gulatum
401 1121 434 1177 iri
453 1138 551 1177 tamen
568 1117 688 1177 dicerer.
706 1116 763 1177 Sed
779 1118 938 1194 iudicium,

255 1201 279 1259 si
296 1201 419 1279 quatis,
438 1199 521 1277 quale
542 1196 646 1271 fuerit,
665 1197 824 1257 incredibili
842 1202 939 1272 exitu;

255 1281 321 1353 sic,
343 1281 383 1338 uti
405 1299 480 1337 nunc
504 1299 540 1338 ex
561 1296 668 1337 eventu
692 1276 728 1335 ab
752 1278 869 1350 aliis,a
892 1299 939 1340 me

255 1376 353 1419 tamen
375 1379 411 1418 ex
433 1357 495 1437 ipso
515 1359 596 1416 initio
619 1358 770 1417 consilium
787 1357 939 1419 Hortensii

255 1437 503 1519 reprehendatur:
526 1458 594 1496 narn
615 1456 647 1497 ut
668 1436 783 1514 rejedlio
804 1436 878 1497 faeta
899 1435 940 1500 est

256 1519 428 1579 clamoribus
459 1520 620 1589 maximis3
647 1537 735 1598 quum
764 1517 939 1594 accusator,

256 1615 404 1680 tamquam
422 1599 522 1658 censor
542 1597 658 1671 bonus,
674 1598 807 1658 homines
822 1601 941 1678 nequis-

255 1681 345 1737 simos
367 1676 515 1755 rejiceret:
536 1697 621 1749 reus,
642 1696 789 1756 tamquam
810 1677 938 1739 clemens

256 1757 376 1830 lanista,
395 1757 617 1839 frugalissimum
640 1777 785 1837 quemque
808 1755 941 1820 secerne·

256 1855 331 1908 ret3
361 1852 394 1896 ut
426 1839 550 1916 primum
579 1834 687 1913 judices
717 1837 941 1913 consederunt,

257 1916 343 1976 valde
364 1914 494 1977 diffidere
513 1917 584 1976 boni
603 1935 773 1998 coeperunt:
787 1920 941 1978 nonenim

256 2016 392 2075 umquam
411 1998 523 2077 turpior
546 1996 662 2056 inludo
682 1998 783 2058 talario
799 1995 940 2059 consessus

256 2074 335 2135 fuit:
363 2077 501 2137 maculosi
521 2075 688 2150 senatores,
706 2077 775 2135 nudi
795 2082 909 2159 equites
930 2122 942 2154 ,

257 2156 362 2215 tribuni
382 2178 442 2215 non
460 2174 521 2215 tam
540 2159 638 2231 aerati,
659 2158 746 2237 quaim
761 2202 770 2230 ,
786 2175 816 2217 ut
833 2158 942 2239 appel·

257 2234 372 2310 lantur,
391 2240 480 2296 aerarii
494 2258 501 2296 ι
517 2238 600 2317 pauci
613 2254 710 2297 tamen
722 2238 793 2296 boni
807 2241 941 2314 inerant,

258 2338 332 2396 quos
353 2315 508 2394 rejeclione
533 2318 659 2397 effugere
682 2318 729 2376 ille
750 2338 810 2376 non
831 2335 940 2397 potue-

257 2415 321 2469 rat;
352 2400 401 2476 qui
429 2395 522 2455 moelli
544 2398 617 2455 inter
641 2396 680 2456 sui
708 2397 882 2472 dissimiles,
910 2399 941 2458 &

258 2493 416 2535 moerentes
429 2475 593 2562 sedebant,
611 2476 639 2535 δι
660 2480 833 2558 contagione
853 2480 942 2558 turpi·

256 2557 363 2615 tudinis
382 2556 571 2623 vehementer
588 2558 842 2636 permovebantur.
860 2558 939 2633 Hic,

256 2654 289 2694 ut
306 2655 428 2715 quaeque
444 2656 488 2695 res
505 2637 542 2693 ad
559 2637 709 2696 consilium
726 2641 824 2716 primis
842 2637 940 2718 postu·

257 2715 409 2775 lationibus
423 2715 614 2788 referebatur,
633 2717 805 2777 incredibilis
820 2737 882 2780 erat
896 2723 941 2779 le·

258 2796 364 2872 vetitas
374 2839 383 2867 ,
395 2796 473 2854 nulli
482 2799 620 2857 varietate
634 2796 855 2856 sententiarum:
868 2798 939 2859 nihil

258 2877 423 2953 impetrarat
439 2895 523 2934 reus:
545 2877 608 2956 plus
628 2877 781 2937 accusatori
799 2877 940 2953 dabatur,

133 2997 135 3002 ,
204 3039 208 3046 ἱ
257 2956 346 3037 quim
359 2954 534 3038 postulabat:
547 2957 766 3039 triumphabat(
780 2958 851 3041 quid
864 2978 941 3041 quaee
