2117 3984
265 479 336 548 432
454 452 747 519 Eprsrorn

286 570 401 647 raecipio
416 564 426 625 l
444 565 536 625 statim
551 564 588 622 ad
605 579 633 623 te
650 562 827 645 perscribam
842 566 949 625 omnia.

262 591 304 707 Ex
315 648 388 706 illius
398 646 529 708 sermone
539 643 670 716 statuam,
680 643 868 725 Arpinumne
879 646 949 705 mibi

260 728 390 787 eundum
409 730 465 799 sit,
487 748 522 785 an
542 726 599 805 quo
617 726 692 783 alib:
714 725 788 785 volo
809 722 947 785 Ciceroni

264 828 334 868 meo
352 825 451 888 togam
470 825 570 886 puram
589 806 675 864 dare:
688 802 763 866 illim
779 822 861 886 puto.
877 803 944 880 Tu,

263 886 381 968 quaeso,
401 888 494 967 cogita
512 884 581 967 quid
602 885 729 957 deinde,
749 908 821 945 nam
837 905 879 946 me
890 884 941 946 he·

262 968 362 1028 berem
375 964 508 1025 molestiae
528 965 725 1025 reddiderunt.
745 965 775 1025 A
790 964 884 1026 Curio
894 986 943 1026 ve·

266 1049 317 1108 lim
334 1047 403 1107 scire
418 1045 522 1127 ecquid
539 1044 576 1103 ad
589 1043 684 1104 tescri
707 1064 770 1105 tum
788 1049 828 1107 sit
844 1046 881 1107 de
896 1043 945 1106 Tr-

264 1148 354 1187 rone:
375 1125 412 1185 ad
429 1145 477 1186 me
497 1127 577 1185 enim
595 1124 653 1205 ipse
702 1128 745 1185 iro
764 1129 805 1186 ita
820 1125 946 1207 scripsit,

265 1226 296 1267 nt
315 1226 416 1267 verear
434 1206 503 1286 qnid
525 1221 617 1287 agat:
642 1208 689 1286 qui
708 1224 807 1267 autem
826 1210 948 1269 veniunt

263 1287 353 1360 inde,
370 1286 401 1345 id
424 1285 515 1347 modb
535 1288 674 1345 nuntiant.
692 1284 770 1345 Sane
790 1290 826 1346 in¹
836 1290 947 1370 magnis

265 1370 337 1427 curis
354 1369 440 1427 etiam
455 1368 516 1426 haec
528 1365 579 1426 ¹me
596 1365 741 1425 sollicitat:
754 1367 858 1427 inchac
868 1370 947 1428 enim

265 1447 398 1522 fortuna,
418 1447 546 1528 perutilis
566 1444 674 1525 ejus&
694 1466 808 1527 opera,
829 1446 947 1510 &fide-

163 1505 165 1509 γ
264 1528 330 1589 litas
347 1526 425 1589 effer.

377 1645 539 1736 Crcnno
566 1645 728 1710 Amco
757 1647 846 1722 Su,

270 1730 572 1843 rnUrnonQui
590 1791 626 1829 ex
643 1787 696 1833 tuo
714 1772 857 1840 consiliot
877 1793 946 1834 nam

267 1849 300 1904 δι
319 1848 484 1908 oratiosuit
504 1870 539 1909 ea
558 1849 654 1911 nostra
673 1897 683 1924 ‚
704 1869 735 1913 ur
754 1853 830 1913 bene
846 1856 945 1933 porilu

265 1925 312 1985 ille
341 1926 377 1985 de
399 1928 484 1986 nobis
509 1929 709 2005 existimaret,
730 1931 816 2013 quarn
836 1935 945 2014 gratias

267 2024 364 2087 ageret
383 2025 393 2078 ;
416 2008 493 2067 &in
510 2029 550 2069 eo
574 2015 757 2083 mansimus,
778 2031 815 2073 ne
836 2012 874 2071 ad
888 2029 945 2072 'ur-

267 2087 345 2146 bem.
369 2086 422 2147 Illa
441 2088 631 2164 fefellerunt,
655 2091 767 2152 facilem
789 2092 870 2173 qubd
887 2113 945 2173 pu-

266 2184 415 2226 teramus:
439 2170 508 2228 nihil
533 2171 595 2229 vidi
621 2174 739 2231 minias:
765 2171 893 2231 damnari
913 2171 941 2234 se

267 2244 363 2306 nostro
378 2246 503 2325 judicio,
516 2250 654 2310 tardiores
672 2251 736 2311 fore
754 2254 900 2333 reliquos,
915 2254 939 2311 si

266 2349 320 2387 nos
340 2349 400 2387 non
419 2333 606 2402 venerimus,
628 2331 734 2392 dicere.
755 2331 838 2414 Ego,
855 2332 940 2391 dissi·

267 2407 364 2477 misem
379 2409 495 2468 illorum
508 2408 564 2471 elle
577 2410 700 2471 causam.
717 2410 820 2489 Quum
835 2411 944 2481 multa;

267 2486 345 2547 Veni
369 2489 480 2569 igitur,
508 2491 540 2549 &
561 2512 613 2571 nge
633 2492 669 2551 de
692 2512 772 2571 pace.
798 2492 942 2565 Meone‚

265 2569 405 2645 inquam,
426 2570 560 2628 arbitratu
576 2572 586 2629 ἒ
605 2570 654 2629 An
674 2569 744 2645 tibi,
759 2573 866 2649 inquit,
881 2590 942 2651 ego

265 2645 466 2722 praescribam?
479 2648 546 2719 Sic,
564 2653 699 2730 inquam,
713 2670 812 2732 agam:
831 2648 945 2711 senatui

264 2745 324 2782 non
340 2725 452 2803 placere
469 2731 498 2786 in
518 2728 670 2808 Hispanias
689 2734 743 2804 iri,
758 2750 814 2790 nec
830 2734 945 2791 exerci-

264 2822 309 2863 tus
328 2806 357 2862 in
374 2802 517 2865 Graeciam
540 2810 721 2889 transportari
739 2830 749 2883 ;
771 2811 944 2891 multaque,

264 2886 401 2964 inquam,
420 2886 456 2945 de
480 2886 572 2947 Cnaeo
592 2891 763 2970 deplorabo.
779 2890 859 2951 Turn
879 2892 941 2963 ille,

262 2962 328 3046 Ego
341 2967 414 3030 verb
430 2964 481 3028 ista
500 2968 559 3030 dici.
571 2972 652 3034 nolo.
666 2972 710 3034 lta
724 2973 883 3054 putabam,
898 2973 944 3034 in-.

838 3073 921 3133 quarn
933 3070 941 3111 ε
