2117 3984
259 492 299 564 18
383 494 590 561 connum
614 490 804 558 Nrrom

276 607 415 687 rincipum
433 606 674 687 philosophorum
688 606 727 663 ita
737 618 876 685 percepta
886 600 937 662 ha·

251 629 314 747 buit
332 705 424 767 praece
447 707 492 761 ta,
502 703 533 748 ut
545 689 601 757 iis,
617 687 654 745 ad
670 687 761 745 vitam
771 683 936 766 agendam,

249 789 313 828 non
334 768 410 829 ado
435 770 636 837 emtionem,
652 782 791 826 uteretur.

293 847 407 909 XVIII.
424 848 519 908 Moris
538 849 624 907 etiam
647 843 792 924 majorum
811 842 939 906 summm

251 930 381 990 imitator
387 928 458 1002 fuit,
470 924 698 1009 antiquitatisque
709 942 821 986 amaror
831 945 841 998 ;
851 929 938 1008 quarn

250 1011 329 1070 adeo
349 1010 621 1091 diligenter-habuit
634 1010 801 1089 cognitam,
818 1023 850 1066 ut
872 1011 937 1065 earn

252 1107 347 1150 totam
359 1092 389 1149 in
398 1089 593 1150 eovolurnine
602 1086 765 1167 exposuerit
778 1132 788 1161 ‚
799 1107 859 1168 quo
870 1084 941 1146 Ma·

255 1170 385 1253 gistratus
398 1170 554 1230 ordinavit.
572 1167 660 1227 Nulla
675 1170 751 1229 enirn
766 1168 830 1239 lex,
843 1183 940 1247 neque

254 1271 329 1332 pax,
347 1271 443 1331 neque
457 1248 585 1322 bellurn,
597 1267 693 1328 neque
713 1267 758 1307 res
771 1244 882 1307 illustris
897 1242 939 1306 est

249 1332 358 1413 populi
376 1330 524 1401 Romani,
535 1349 603 1411 quae
615 1350 676 1389 non
690 1329 719 1387 in
730 1348 786 1399 eo,
800 1325 851 1387 suo
863 1344 941 1387 tem»

276 1432 350 1485 ore,
369 1410 517 1471 innotata
535 1429 543 1468 :
567 1412 599 1470 δι
617 1453 627 1482 ,
644 1408 726 1490 quod
739 1405 939 1468 difficillimum

175 1546 177 1550 ,
251 1432 385 1567 luit,s1c
407 1489 579 1551 familiarum
606 1491 750 1571 originem
772 1483 937 1562 subtexuit,

254 1590 287 1633 ut
312 1593 348 1634 ex
378 1593 416 1634 eo
442 1572 586 1632 clarorum
611 1572 741 1631 virorum
763 1570 940 1651 propagines

254 1650 394 1735 possimus
414 1652 603 1733 cognoscere.
620 1649 700 1712 Fecit
720 1651 777 1710 hoc
795 1651 875 1710 idem
892 1647 939 1710 se·

254 1735 374 1814 paratim
395 1734 424 1791 in
444 1735 504 1791 aliis
532 1732 637 1804 libris,
656 1750 707 1804 ut,
726 1729 772 1789 M.
790 1730 870 1790 Bruti
889 1750 939 1790 ro·-

254 1832 345 1896 gatu,
369 1812 483 1873 Junianr
504 1810 642 1871 familiam
661 1834 677 1870 a
701 1810 786 1891 stirpe
809 1810 846 1871 ad
864 1810 938 1870 hanc

255 1911 370 1953 aetatem
390 1893 492 1953 ordine
512 1895 711 1964 enumeravit,
729 1910 854 1965 notans,
872 1892 939 1972 qui,

256 1995 343 2055 aquo
353 1990 433 2034 ortus
442 1994 538 2112 ‚iquos
548 1974 689 2045 honores,
697 1971 784 2052 quibu
798 1991 854 2110 qqe
865 1988 942 2031 tern-

253 2055 375 2135 poribus
398 2074 432 2114 ce
485 2071 515 2112 et
539 2073 546 2111 t
572 2051 780 2133 parimodo,
843 2045 942 2111 artelli

255 2134 390 2204 Claudii,
411 2075 620 2193 blarcellorum
638 2152 648 2203 ;
663 2131 805 2211 Scipionis
826 2129 943 2192 Corne·

254 2216 306 2288 lii,
318 2216 348 2275 &
362 2214 442 2274 Fabii
459 2213 599 2285 Maximi,
618 2210 825 2273 Corneliorum
841 2211 874 2271 'dt
884 2210 944 2271 Fa·

254 2295 387 2368 bionum,
413 2296 445 2354 &
463 2293 647 2354 AEmiliorum
668 2311 809 2373 quoque:
838 2292 941 2374 quibus

255 2376 334 2437 libris
348 2375 417 2434 nihil
431 2372 526 2453 potest
549 2370 605 2431 e'ffe
624 2370 733 2432 dulcius
752 2375 807 2445 iis,
824 2374 873 2455 qui
885 2372 942 2432 ali·

256 2477 343 2537 quarn
353 2455 538 2537 cupiditatem
551 2453 660 2516 habeut
672 2456 783 2519 notitiae
795 2445 941 2515 clarorum·

258 2557 399 2597 vlrorum.

297 2616 403 2698 Arrigit
430 2634 547 2696 quoque
574 2617 743 2694 poeticen,
771 2612 940 2690 credimus,

257 2715 295 2755 ne
319 2693 379 2772 ejus
405 2715 509 2775 expers
532 2693 601 2756 ellet
628 2695 782 2757 suavitatis.
803 2692 941 2778 Namque

256 2774 405 2847 versibus,
425 2778 473 2856 qui
491 2776 604 2836 honore
625 2797 776 2857 rerumque
796 2775 941 2856 gestarum

258 2857 448 2936 amplitudine
470 2873 584 2916 ceteros
601 2855 727 2917 Romani
766 2856 846 2935 opuli
864 2879 943 2937 prae-

257 2935 413 3009 stiterunt,
444 2937 573 3017 exposuit
597 2940 661 3011 ira,
691 2954 722 2996 ut
739 2878 789 2995 liin
817 2936 942 3018 singulo·

257 3038 320 3080 turn
349 3018 545 3101 imaginibus¹
573 3016 677 3093 facta,
707 3015 943 3102 magistratusque
