2117 3984
415 276 478 351 jam
490 287 607 343 tamen,
624 285 658 331 ut
676 276 742 330 ante
758 276 795 330 ad
812 285 841 329 te
859 276 981 349 scripsi,

417 365 489 416 tem,
504 349 569 412 Nec
586 369 633 412 me
653 365 773 421 movet,
798 349 984 428 quod.scribi

416 431 475 511 ipsi
488 431 613 508 iniquum
630 451 640 490 .·
660 449 728 496 narn
738 428 898 509 periculum
912 432 943 490 in
962 453 984 494 rr

415 510 562 573 iracundia
581 512 708 588 positum
724 507 765 573 est
779 526 789 579 3
810 508 931 570 videris
948 531 984 572 au

417 590 552 662 incerta,
573 606 605 648 ur
626 589 753 650 deterior
779 587 860 648 causa
884 591 984 667 parati

417 667 475 730 effe
491 669 635 730 videatur.
656 668 720 730 Nec
737 687 784 728 me
807 667 937 730 consules
958 692 984 732 m

417 752 468 828 qui
484 752 539 829 ipsi
553 749 651 829 plumis
668 764 717 809 aut
726 747 798 808 folio
807 745 916 809 faciliirs
927 771 984 812 mo

418 828 507 889 officii
525 850 574 889 me
585 828 754 890 deliberatio
771 830 894 903 cruciat,
908 832 984 896 cruci

417 909 522 970 adhuc.
534 907 655 972 Cautior
668 910 745 970 certe
762 906 803 967 est
813 910 925 969 mansio
936 930 946 983 ;
956 911 984 972 h«

417 987 592 1064 existimatur
603 986 745 1066 trajediio:
757 988 834 1048 malo
845 989 984 1052 interdum

415 1087 465 1136 me
482 1088 545 1134 non
560 1069 663 1141 caute,
686 1068 772 1147 quim
790 1069 875 1147 pauci
895 1091 955 1130 non
974 1074 984 1134 i

412 1145 512 1207 recisse
536 1146 705 1208 existiment.
733 1146 783 1208 De
810 1146 929 1227 Lepido¹
949 1149 984 1210 δι·

438 1227 498 1287 uod
514 1230 614 1307 quaeris
626 1248 635 1299 ;
647 1227 688 1287 illi
704 1228 777 1286 verb
793 1249 854 1285 non
866 1228 984 1296 dubiem

417 1247 523 1366 zaesari
543 1306 643 1387 praesto
657 1306 760 1381 futuri,
782 1309 812 1364 in
824 1306 955 1384 senatum
977 1332 984 1370 ι

416 1389 471 1445 turi
491 1390 556 1447 sint.
573 1386 782 1447 Recentissima
790 1403 839 1445 tua
849 1385 890 1446 est
904 1391 949 1468 ep'
980 1383 984 1398 '

418 1467 507 1541 data3
526 1470 556 1526 in
575 1491 631 1548 qua
653 1485 736 1547 optas
760 1465 962 1549 congressum,
980 1494 984 1534 .·

438 1568 473 1607 ue
491 1569 553 1607 non
571 1548 703 1628 desperas
721 1568 728 1606 z
750 1546 798 1607 sed
819 1568 898 1629 ego,
922 1569 984 1628 quw

416 1567 573 1694 diribebam
587 1673 597 1701 ,
613 1648 668 1689 nec
691 1627 756 1686 illos
781 1624 975 1707 congressuros

416 1708 440 1764 si
458 1710 605 1787 congressi
624 1706 712 1768 effent
726 1753 735 1776 ,
747 1705 929 1787 Pompeium
953 1710 984 1770 ad

415 1786 617 1846 conditionem
637 1785 809 1854 accefforu'm
837 1789 984 1866 putabam„

415 1865 524 1925 videris
544 1888 604 1927 non
636 1867 786 1938 dubitare,
807 1870 831 1926 si
856 1866 984 1932 consules

415 1963 511 2035 eantR,
538 1948 607 2027 quid
632 1968 686 2006 nos
711 1945 811 2035 facere·
834 1965 982 2026 oporteat,¹
