2117 3984
402 453 471 526 El
583 413 884 512 'Britanna
925 443 984 492 «κ

396 546 490 605 attulit
509 545 644 624 rnandata
666 543 703 603 ad
725 541 876 616 consules,
898 559 932 603 ut
950 539 984 604 R«

396 626 554 700 venirent,
599 626 727 686 ecuniam
750 623 791 684 .de
816 621 956 696 saniliare
977 643 984 682 r

396 704 564 779 auferrent,
614 708 667 764 tim
684 706 795 764 exirent
814 703 884 763 urbe
903 701 984 764 reli&

397 785 486 845 deant
506 805 516 860 3
540 807 599 865 quo
625 784 757 864 prasidio
776 783 788 842 ἓ
807 782 912 844 deinde
936 803 984 845 ext

398 868 462 945 quis
482 865 582 925 sinat?
599 861 708 924 Consul
725 865 753 923 ei
770 862 929 943 rescripsit,
951 883 984 926 ut

396 948 405 1003 i
429 945 456 1005 se
467 946 496 1003 in
514 944 649 1004 Picenum
662 961 707 1003 :at
723 943 793 1003 illud
807 961 902 1002 totum
919 961 982 1005 erat

397 968 458 1084 rim
477 1045 483 1081 :
502 1023 607 1084 sciebat
622 1044 730 1098 nemo,
751 1041 854 1102 prater
869 1043 916 1084 me
930 1043 978 1098 ¹ex

397 1106 434 1164 ris
447 1103 619 1164 Dolabellae.
630 1104 704 1163 Mihi
715 1103 833 1161 dubium
845 1124 905 1163 non
916 1121 979 1164 erat

395 1186 444 1244 ille
461 1181 520 1262 jam
538 1183 652 1264 jamque
671 1182 747 1243 foret
766 1179 796 1241 in
820 1182 953 1263 Apulia,
970 1183 984 1244 (

396 1263 491 1324 noster
517 1267 547 1323 in
566 1267 643 1342 navi.
659 1261 723 1346 Ego
748 1262 818 1342 quid
838 1283 947 1345 agam,
963 1291 984 1326 n

397 1352 557 1427 magnum3
577 1363 672 1425 neque
690 1343 852 1403 mehercule
868 1345 938 1402 mihi
957 1347 984 1424 qr

397 1427 506 1498 ullum,
525 1427 579 1484 nisi
595 1426 694 1484 omnia
713 1422 800 1483 ellent
816 1422 877 1482 atla
890 1426 984 1503 turpia

397 1526 491 1587 neque
510 1525 567 1586 ego
587 1505 669 1564 ullius
693 1504 804 1563 consilii
827 1506 972 1642 farticeps

396 1603 517 1656 tamen,
534 1584 614 1664 quod
633 1604 680 1643 me
701 1584 809 1643 deceat.
842 1582 890 1662 pse
912 1603 961 1643 me
982 1601 984 1625 ¹

398 1665 436 1723 ad
454 1685 558 1745 pacem
572 1665 700 1724 hortatur
719 1684 726 1722 :
742 1662 791 1723 sed
809 1665 867 1721 anti
888 1665 984 1724 uiorea

397 1766 457 1817 rae,
476 1743 562 1825 qnam
581 1764 663 1803 ruere
682 1745 782 1822 coepit.
801 1742 862 1804 Ι)οΙ
918 1744 980 1816 lla,

396 1824 472 1896 lius,
496 1843 544 1881 me
565 1824 605 1881 illi
633 1824 718 1883 valde
738 1822 908 1883 satisfacere.
932 1821 984 1884 Mis

395 1907 492 1978 brocia
504 1920 629 1981 torquet.
640 1901 714 1962 luva
724 1923 771 1963 me
783 1905 925 1976 consilio,
936 1907 960 1964 si
971 1925 984 1986 1

397 1981 542 2042 &tamen
563 1981 635 2054 ista,
652 2001 790 2063 quantum
818 1999 922 2064 potes,
942 2005 984 2064 prr

398 2059 476 2119 Nihil
492 2063 605 2137 habeo,
622 2065 700 2122 tanta
719 2084 812 2123 rerum
833 2065 984 2144 perturbaa'

397 2143 477 2222 quod
491 2142 620 2203 scribam.
632 2143 711 2203 Tuas
726 2146 834 2205 litteras
849 2142 982 2225 exspesto

474 2285 477 2290 ·
508 2261 671 2323 Crceno
699 2261 862 2321 Αττιοο
890 2262 978 2350 8η,

399 2358 592 2447 anpanerr
612 2383 641 2439 in
662 2380 742 2440 ltalia
759 2378 848 2439 video
871 2378 984 2440 nullum

398 2464 520 2540 quinon
542 2464 571 2518 in
593 2458 669 2521 istius
690 2456 828 2538 potestate
846 2461 892 2520 sit.
911 2459 961 2521 De
982 2459 984 2516 ἶ

397 2543 465 2619 peio
488 2539 545 2598 scio
560 2541 629 2599 nihil
649 2560 658 2613 ;
677 2560 825 2619 eumque,
844 2541 900 2600 nisi
918 2543 948 2599 in
975 2557 984 2596 r

397 2618 425 2678 se
441 2619 613 2693 contulerit,
631 2639 782 2698 exceptum
800 2622 834 2678 iri
852 2638 934 2700 puto.
954 2617 984 2682 0

397 2702 512 2759 ritatem
530 2698 725 2758 incredibilem
737 2701 743 2755 Ε
755 2698 837 2777 hujus
852 2717 950 2761 autem
961 2719 984 2758 n

396 2779 447 2839 sed
466 2801 525 2839 non
537 2776 646 2858 polium
655 2783 715 2836 sine
729 2779 831 2839 dolore
845 2780 975 2840 accusare

397 2860 434 2918 de
453 2881 512 2939 quo
530 2858 664 2939 angor&
682 2860 801 2919 crucior.
822 2858 870 2920 Tu
890 2862 984 2920 caeder

397 2942 459 2999 sine
470 2937 550 3001 causa
557 2940 641 2999 times
652 2959 660 2998 ι
673 2960 733 2999 non
742 2940 800 3019 qub
810 2941 906 3003 minlrs
919 2941 984 3023 quid
