2117 3984
262 423 326 497 108
447 422 740 490 Errrrorn

254 541 305 621 qui
326 536 443 619 quidem
466 541 553 598 etiam
574 535 642 598 istuc
665 537 768 596 adduci
785 537 963 617 potuerin-¹

253 640 321 678 nam
342 617 434 679 adhuc
456 619 512 679 hoc
532 619 688 696 ἰσοφίζεΊο,
715 616 742 676 se
760 619 840 700 leges
863 617 936 680 ca-

252 698 319 759 saris
347 699 470 779 probare
492 718 502 771 3
528 695 653 757 afflones
682 697 773 777 ipsum
802 697 937 778 praeslare

253 779 361 839 debere
383 799 391 837 t
418 781 556 861 agrariam
580 777 676 856 legem
697 778 750 838 sibi
770 777 905 859 placuisse
924 797 939 854 3

252 862 380 941 potuerit
391 859 548 931 intercedi,
563 876 676 916 necne.
694 859 764 917 nihil
778 860 815 918 ad
828 858 857 919 se
869 880 937 940 per·

252 944 364 1002 tinere:
383 941 501 1020 detege
519 937 716 1031 Alexandrino
732 938 865 1019 placuisse
881 939 938 1000 sibi

253 1021 407 1102 aliquando
428 1018 558 1092 confici3
576 1017 693 1077 Brbulus
713 1019 753 1079 de
771 1021 849 1079 coelo
871 1037 938 1082 tum·

253 1099 413 1176 servasset,
439 1118 531 1160 necne
555 1143 564 1172 ,
592 1099 646 1157 sibi
667 1101 859 1178 quaerendum·
874 1119 938 1162 non

254 1180 352 1243 fuisse:
373 1181 413 1242 de
429 1179 613 1253 Publicanis,
636 1178 761 1239 voluisle·
776 1181 817 1239 illi
841 1181 939 1242 ordini

254 1263 465 1335 commodare3
483 1260 552 1342 quid
568 1257 694 1319 futurum
713 1260 820 1335 fuerit,
842 1263 867 1320 si
884 1259 937 1322 Bi-

253 1344 338 1405 bulus
367 1363 428 1403 tum
450 1340 594 1401 insonum
615 1339 817 1415 descendisset,
837 1341 867 1402 se
887 1341 938 1402 di·-

255 1427 356 1487 vinare
384 1444 444 1483 non
465 1419 596 1503 potuiffe.
619 1419 702 1480 Nunc
729 1423 828 1493 verb,
852 1421 937 1482 Sam·

255 1508 414 1586 psicerame
430 1550 440 1579 ,
457 1503 527 1584 quid
546 1503 624 1561 dices
639 1499 783 1583 ivedigal
802 1519 832 1561 te
853 1501 939 1562 nobie

255 1591 287 1646 in
321 1602 420 1646 monte
449 1583 619 1643 Antilibano
644 1579 845 1655 constituisse,
875 1585 939 1665 agri

258 1664 402 1747 Campani
421 1662 582 1724 abstulisse?
601 1663 691 1742 quid,
717 1663 773 1722 hoc
791 1663 937 1741 quemad-

256 1746 379 1806 modum
393 1744 560 1804 obtinebis?
574 1765 593 1802 ο
636 1741 722 1802 reslos
734 1764 807 1815 vos,
825 1744 938 1823 inquit,

255 1825 364 1887 tenebo
386 1826 514 1884 exercitu
532 1821 584 1883 Cae
598 1826 662 1883 aris.
687 1820 756 1881 Non
771 1824 937 1886 mehercule

254 1926 305 1965 me
325 1922 358 1966 tu
376 1905 494 1985 quidem
513 1920 574 1963 tam
597 1901 649 1962 isto
673 1905 821 1976 exercitu,
848 1903 939 1985 quim

254 1989 287 2046 in
308 1986 373 2045 ratis
391 1987 492 2043 animis
512 2003 614 2044 eorum
632 1983 801 2059 hominum,
821 1988 871 2064 qui
884 2006 937 2067 ap·

254 2006 397 2148 peilantur
415 2066 500 2125 boni:
516 2066 566 2146 qui
583 2064 652 2123 mihi
673 2086 733 2125 non
754 2063 846 2123 modb
863 2087 937 2145 prae·

253 2150 405 2220 miorum,
425 2145 475 2206 sed
494 2166 531 2206 ne
552 2144 716 2205 sermonum
732 2145 850 2224 quidem
869 2167 936 2206 um·

255 2250 345 2311 quam
370 2225 490 2288 fruatur
512 2226 622 2299 ullum,
646 2243 694 2286 aut
715 2228 835 2307 gratiam
854 2245 937 2288 retu·

253 2310 359 2371 lerunt.
379 2307 475 2386 Qubd
491 2310 514 2365 si
533 2310 644 2367 ineam
663 2325 710 2365 me
732 2326 842 2386 partem
859 2308 937 2369 inci-

253 2407 370 2462 tarem,
398 2385 530 2468 profeslb
551 2384 609 2463 jam
632 2387 754 2466 aliquam
776 2390 935 2467 reperirem

253 2467 401 2533 resistendi
419 2470 505 2527 viam.
525 2465 610 2527 Nunc
628 2465 740 2548 prorsus
757 2467 814 2526 hoc
833 2466 934 2546 statui,

252 2569 307 2623 ut,
330 2549 466 2631 quoniam
488 2565 567 2607 tanta
590 2550 785 2609 controversia
807 2544 848 2607 est
870 2548 933 2610 Di·

253 2631 402 2702 caearcho,
418 2628 548 2687 familiari
562 2645 632 2702 tuo,
650 2649 716 2687 cum
731 2625 936 2708 Theophrasto

253 2711 349 2771 amico
368 2729 456 2782 meo,
476 2724 508 2768 ut
528 2708 576 2768 ille
593 2726 657 2769 tuus
678 2709 720 2768 rb
734 2709 938 2785 ngaexirxlreln

253 2790 341 2873 longe
362 2790 495 2850 omnibus
513 2805 695 2870 anteponat,
716 2789 761 2847 hic
778 2804 876 2848 autem
893 2793 937 2850 riv

252 2875 420 2950 dragulum,
440 2868 553 2951 utrique
575 2893 592 2931 a
611 2890 659 2930 me
678 2890 742 2927 mos
761 2866 853 2949 gestus
877 2866 939 2927 esse

252 2953 395 3015 videatur.
414 2950 486 3013 Puto
502 2954 581 3013 enim
599 2971 646 3012 me
665 2948 841 3013 Dicaearcho
857 2946 936 3016 alsae
