2117 3984
221 489 284 542 ao
300 473 507 542 Arrtcust
523 473 609 542 Lra.
628 473 710 542 VII.
738 473 807 567 289

131 587 233 650 litteras
247 586 387 669 accepisse
401 585 602 648 conturbatum
617 632 626 660 ‚
646 587 726 668 quod
741 609 809 648 cum

134 669 207 730 sebre
228 669 356 730 Romam
374 666 494 728 venisses
510 688 519 738 ;
536 668 616 726 bono
636 684 733 729 tamen
750 673 811 728 ani-

132 769 176 810 tno
198 747 256 810 elle
273 745 416 830 coepisse,
434 747 515 829 quod
532 746 651 807 Acastus
671 767 726 821 ea,
745 771 808 830 quae

133 827 231 890 vellem
245 873 255 903 ‚
269 827 317 888 -de
338 829 463 888 allevato
484 847 609 906 corpore
629 845 680 888 tuo
696 833 811 888 nuntia·

133 927 198 983 tet;
220 905 398 970 cohorruisse
423 925 520 967 autem
547 927 619 979 me,
649 909 729 989 quod
754 925 810 968 tuae

134 989 226 1052 litterre
252 989 291 1049 de
319 989 480 1070 legionibus
504 985 623 1048 casaris
649 987 812 1061 afferrent;

134 1067 259 1150 &egisse
275 1085 376 1129 tecum
389 1112 400 1141 ,
411 1085 443 1128 ut
460 1067 598 1142 videres,
619 1069 744 1150 nequid
760 1082 812 1146 or-

134 1151 227 1226 trlrpr'·
245 1146 334 1238 ejus,
356 1167 445 1228 quem
462 1146 555 1223 nolli,
572 1149 655 1208 nobis
669 1167 810 1220 noceret;

136 1227 168 1289 de
182 1249 241 1308 quo
261 1228 437 1310 jampridem
449 1229 494 1287 -ad
513 1245 543 1287 te
562 1227 611 1287 scri
634 1227 732 1288 seram.
748 1227 810 1288 Tu-

136 1307 352 1370 rannius'autem
368 1308 447 1368 secus
462 1310 514 1368 tibi
526 1249 668 1368 Brundisii
683 1311 813 1383 dixerat,

136 1389 206 1468 quod
226 1391 316 1450 exiis
335 1390 436 1448 litteris
453 1391 603 1470 cognovi,
623 1409 692 1468 quas
712 1411 728 1448 a
748 1389 811 1449 Xe-

137 1489 207 1530 none
228 1473 346 1550 optimo
369 1472 434 1528 viro
461 1471 572 1548 accepi.
605 1466 666 1527 Cur
693 1467 812 1530 fratrem

137 1551 284 1626 provincia
302 1569 365 1608 non
383 1548 568 1628 praesecillem
584 1547 701 1626 exposui
716 1549 811 1610 brevi·

137 1639 182 1688 te'r.
202 1627 277 1688 Haec
296 1627 360 1688 sere
384 1627 446 1688 sunt
468 1633 496 1688 in
515 1629 562 1688 illa
579 1627 707 1708 epistola.
726 1628 811 1690 Nunc

132 1707 194 1768 audi
210 1711 334 1791 reliqua.
351 1707 405 1768 Per
422 1707 574 1780 fortunas,
594 1729 711 1768 omnem
727 1725 809 1768 tuum

136 1807 282 1860 autorem,
305 1809 367 1870 quo
382 1808 431 1849 nte
443 1810 474 1850 es
492 1790 661 1869 amplexus,
681 1811 813 1850 omnem·

136 1887 185 1950 que
203 1887 288 1930 tuam
308 1869 514 1948 prudentiam,
539 1891 625 1951 quarn
644 1871 809 1932 mehercule

136 1949 264 2010 inomni
285 1969 391 2030 genere
413 1947 510 2027 judico
531 1952 724 2031 singularem,
742 1972 811 2010 con·

136 2026 174 2090 ser
186 2029 224 2090 ad
241 2049 310 2090 eam
325 2049 443 2104 curam,
460 2049 490 2092 ut
508 2031 545 2090 de
563 2033 642 2089 omni
656 2031 726 2089 statu
742 2051 812 2091 meo

136 2111 263 2190 cogites:
281 2110 382 2169 videre
399 2113 477 2170 enim
495 2112 565 2169 mihi
583 2109 685 2168 videor
703 2128 813 2169 tantam

136 2187 348 2250 dimicationem
365 2191 446 2270 (nisi
463 2191 542 2251 idem
564 2188 667 2262 Deus,
687 2194 734 2269 qui
757 2212 812 2250 nos

136 2269 235 2330 melius
253 2313 266 2340 ,
291 2269 380 2350 quim
403 2287 505 2350 optare
523 2269 693 2329 auderemus
711 2314 720 2340 ,
741 2268 814 2327 Par·

136 2347 210 2410 dtico
234 2349 314 2410 bello
336 2349 491 2424 liberavit,
512 2350 670 2429 respexerit
689 2369 812 2428 rempu-

136 2427 271 2510 blicam)
287 2447 394 2524 quanta
406 2451 563 2510 numquam
579 2429 641 2489 suit.
658 2428 742 2511 Age,
757 2433 813 2490 hoc

136 2509 244 2568 malum
264 2509 336 2570 mihi
353 2530 508 2570 commune
523 2509 565 2571 est
578 2531 643 2569 cum
662 2511 814 2570 omnibus:

137 2589 203 2648 uiltil
222 2589 276 2648 tibi
292 2590 420 2664 mando,
439 2607 470 2651 ut
487 2592 523 2650 de
541 2611 578 2651 eo
598 2593 719 2672 cogites.
738 2590 813 2652 lllud

138 2687 234 2728 meum
275 2690 308 2727 ro
331 2672 405 2729 rium
422 2672 566 2749 σμ’·ἷλημκ
587 2715 596 2744 ,
617 2671 712 2752 quaeso
727 2717 736 2745 ,
753 2672 816 2733 susi

139 2749 208 2830 cipe.
260 2691 380 2820 ideIm,
399 2769 431 2810 ut
449 2769 478 2811 te
496 2750 610 2810 sudore
629 2755 682 2811 sim
699 2771 815 2813 utrum-

139 2847 189 2908 que
207 2829 404 2908 complexus?
425 2851 456 2889 ac
469 2831 578 2891 vellem
596 2853 611 2889 a
629 2836 770 2916 principio
785 2848 814 2892 te

137 2907 238 2970 rudiffe
261 2911 435 2972 amicissime
452 2928 640 2974 monentem:

172 3075 277 3134 Tomus
295 3071 382 3134 XIII.
667 3070 696 3130 N
