<?xml version="1.0" encoding="UTF-8"?>
<!DOCTYPE html PUBLIC "-//W3C//DTD XHTML 1.0 Transitional//EN"
    "http://www.w3.org/TR/xhtml1/DTD/xhtml1-transitional.dtd">
<html xmlns="http://www.w3.org/1999/xhtml" xml:lang="en" lang="en">
 <head>
  <title>
</title>
<meta http-equiv="Content-Type" content="text/html;charset=utf-8" />
  <meta name='ocr-system' content='tesseract 3.04.00' />
  <meta name='ocr-capabilities' content='ocr_page ocr_carea ocr_par ocr_line ocrx_word'/>
</head>
<body>
  <div class='ocr_page' id='page_1' title='image "./mtulliiciceroni03lallgoog_0200.png"; bbox 0 0 2117 3984; ppageno 0'>
   <div class='ocr_carea' id='block_1_1' title="bbox 282 489 866 586">
    <p class='ocr_par' dir='ltr' id='par_1_1' title="bbox 282 489 866 586">
     <span class='ocr_line' id='line_1_1' title="bbox 282 489 866 586; baseline 0.009 -26"><span class='ocrx_word' id='word_1_1' title='bbox 282 507 346 560; x_wconf 68' lang='lat' dir='ltr'>Ar&gt;</span> <span class='ocrx_word' id='word_1_2' title='bbox 367 491 679 561; x_wconf 79' lang='lat' dir='ltr'>Arrrcuranr.</span> <span class='ocrx_word' id='word_1_3' title='bbox 699 489 762 564; x_wconf 88' lang='lat' dir='ltr'>IV.</span> <span class='ocrx_word' id='word_1_4' title='bbox 804 517 866 586; x_wconf 85' lang='lat'>193</span> 
     </span>
    </p>
   </div>
   <div class='ocr_carea' id='block_1_2' title="bbox 167 602 874 1010">
    <p class='ocr_par' dir='ltr' id='par_1_2' title="bbox 167 602 874 1010">
     <span class='ocr_line' id='line_1_2' title="bbox 181 602 870 684; baseline 0.001 -14"><span class='ocrx_word' id='word_1_5' title='bbox 181 625 237 670; x_wconf 73' lang='lat' dir='ltr'>tur.</span> <span class='ocrx_word' id='word_1_6' title='bbox 257 605 421 668; x_wconf 85' lang='lat' dir='ltr'>Tribunitii</span> <span class='ocrx_word' id='word_1_7' title='bbox 438 604 584 666; x_wconf 84' lang='lat' dir='ltr'>candidati</span> <span class='ocrx_word' id='word_1_8' title='bbox 603 602 729 684; x_wconf 73' lang='lat' dir='ltr'>jurarunt</span> <span class='ocrx_word' id='word_1_9' title='bbox 745 609 772 670; x_wconf 90' lang='lat' dir='ltr'>se</span> <span class='ocrx_word' id='word_1_10' title='bbox 792 612 870 670; x_wconf 76' lang='lat' dir='ltr'>ariri-</span> 
     </span>
     <span class='ocr_line' id='line_1_3' title="bbox 182 685 870 768; baseline 0.003 -18"><span class='ocrx_word' id='word_1_11' title='bbox 182 691 235 750; x_wconf 89' lang='lat' dir='ltr'>trio</span> <span class='ocrx_word' id='word_1_12' title='bbox 263 685 391 750; x_wconf 85' lang='lat' dir='ltr'>Catonis</span> <span class='ocrx_word' id='word_1_13' title='bbox 415 689 584 768; x_wconf 87' lang='lat' dir='ltr'>petituros:</span> <span class='ocrx_word' id='word_1_14' title='bbox 611 689 687 766; x_wconf 88' lang='lat' dir='ltr'>apud</span> <span class='ocrx_word' id='word_1_15' title='bbox 710 708 777 750; x_wconf 90' lang='lat' dir='ltr'>eum</span> <span class='ocrx_word' id='word_1_16' title='bbox 800 691 870 753; x_wconf 91' lang='lat' dir='ltr'>H·S</span> 
     </span>
     <span class='ocr_line' id='line_1_4' title="bbox 185 766 870 908; baseline 0.007 -79"><span class='ocrx_word' id='word_1_17' title='bbox 185 773 329 908; x_wconf 66' lang='lat' dir='ltr'>pingena</span> <span class='ocrx_word' id='word_1_18' title='bbox 347 767 386 828; x_wconf 90' lang='lat' dir='ltr'>de</span> <span class='ocrx_word' id='word_1_19' title='bbox 409 766 545 827; x_wconf 81' lang='lat' dir='ltr'>osuerunr</span> <span class='ocrx_word' id='word_1_20' title='bbox 561 786 570 840; x_wconf 92' lang='lat'>;</span> <span class='ocrx_word' id='word_1_21' title='bbox 588 785 638 840; x_wconf 87' lang='lat' dir='ltr'>ut,</span> <span class='ocrx_word' id='word_1_22' title='bbox 656 771 705 848; x_wconf 91' lang='lat' dir='ltr'>qui</span> <span class='ocrx_word' id='word_1_23' title='bbox 722 791 738 829; x_wconf 83' lang='lat' dir='ltr'>t</span> <span class='ocrx_word' id='word_1_24' title='bbox 755 769 870 834; x_wconf 88' lang='lat' dir='ltr'>Catone</span> 
     </span>
     <span class='ocr_line' id='line_1_5' title="bbox 202 789 854 928; baseline 0.003 -18"><span class='ocrx_word' id='word_1_25' title='bbox 202 863 335 910; x_wconf 83' lang='lat' dir='ltr'>emnatus</span> <span class='ocrx_word' id='word_1_26' title='bbox 354 789 446 920; x_wconf 70' lang='lat' dir='ltr'>etidt,</span> <span class='ocrx_word' id='word_1_27' title='bbox 465 847 497 906; x_wconf 93' lang='lat' dir='ltr'>id</span> <span class='ocrx_word' id='word_1_28' title='bbox 520 848 676 928; x_wconf 87' lang='lat' dir='ltr'>perderet,</span> <span class='ocrx_word' id='word_1_29' title='bbox 696 849 727 908; x_wconf 79' lang='lat' dir='ltr'>dt</span> <span class='ocrx_word' id='word_1_30' title='bbox 750 871 816 910; x_wconf 90' lang='lat' dir='ltr'>com</span> <span class='ocrx_word' id='word_1_31' title='bbox 838 873 854 912; x_wconf 90' lang='lat' dir='ltr'>e</span> 
     </span>
     <span class='ocr_line' id='line_1_6' title="bbox 167 875 874 1010; baseline 0.003 -20"><span class='ocrx_word' id='word_1_32' title='bbox 167 929 318 990; x_wconf 78' lang='lat' dir='ltr'>·titoribus</span> <span class='ocrx_word' id='word_1_33' title='bbox 338 929 521 988; x_wconf 80' lang='lat' dir='ltr'>tribueretur.</span> <span class='ocrx_word' id='word_1_34' title='bbox 540 927 610 986; x_wconf 81' lang='lat' dir='ltr'>Haec</span> <span class='ocrx_word' id='word_1_35' title='bbox 624 947 681 1009; x_wconf 81' lang='lat' dir='ltr'>ego</span> <span class='ocrx_word' id='word_1_36' title='bbox 700 930 793 1010; x_wconf 87' lang='lat' dir='ltr'>pridie</span> <span class='ocrx_word' id='word_1_37' title='bbox 809 875 874 992; x_wconf 66' lang='lat' dir='ltr'>dri-</span> 
     </span>
    </p>
   </div>
   <div class='ocr_carea' id='block_1_3' title="bbox 142 1007 871 1185">
    <p class='ocr_par' dir='ltr' id='par_1_3' title="bbox 142 1007 871 1185">
     <span class='ocr_line' id='line_1_7' title="bbox 142 1007 868 1090; baseline 0.004 -20"><span class='ocrx_word' id='word_1_38' title='bbox 142 1040 145 1051; x_wconf 95' lang='lat'>·</span> <span class='ocrx_word' id='word_1_39' title='bbox 185 1009 316 1082; x_wconf 80' lang='lat' dir='ltr'>behem,</span> <span class='ocrx_word' id='word_1_40' title='bbox 340 1007 431 1090; x_wconf 74' lang='lat' dir='ltr'>quim</span> <span class='ocrx_word' id='word_1_41' title='bbox 448 1008 566 1068; x_wconf 88' lang='lat' dir='ltr'>comitia</span> <span class='ocrx_word' id='word_1_42' title='bbox 589 1007 651 1068; x_wconf 91' lang='lat' dir='ltr'>fore</span> <span class='ocrx_word' id='word_1_43' title='bbox 675 1011 868 1088; x_wconf 87' lang='lat' dir='ltr'>putabantur:</span> 
     </span>
     <span class='ocr_line' id='line_1_8' title="bbox 142 1063 871 1185; baseline 0.005 -35"><span class='ocrx_word' id='word_1_44' title='bbox 142 1063 148 1185; x_wconf 62' lang='lat' dir='ltr'>i</span> <span class='ocrx_word' id='word_1_45' title='bbox 187 1087 230 1150; x_wconf 82' lang='lat' dir='ltr'>sed</span> <span class='ocrx_word' id='word_1_46' title='bbox 247 1087 284 1150; x_wconf 87' lang='lat' dir='ltr'>ad</span> <span class='ocrx_word' id='word_1_47' title='bbox 302 1107 334 1148; x_wconf 90' lang='lat' dir='ltr'>te</span> <span class='ocrx_word' id='word_1_48' title='bbox 353 1105 378 1148; x_wconf 85' lang='lat' dir='ltr'><strong>v</strong></span> <span class='ocrx_word' id='word_1_49' title='bbox 399 1087 466 1148; x_wconf 87' lang='lat' dir='ltr'>Kal.</span> <span class='ocrx_word' id='word_1_50' title='bbox 486 1087 563 1149; x_wconf 84' lang='lat' dir='ltr'>Sext.</span> <span class='ocrx_word' id='word_1_51' title='bbox 585 1090 608 1147; x_wconf 89' lang='lat' dir='ltr'>si</span> <span class='ocrx_word' id='word_1_52' title='bbox 627 1085 699 1150; x_wconf 76' lang='lat' dir='ltr'>fadia</span> <span class='ocrx_word' id='word_1_53' title='bbox 718 1109 822 1166; x_wconf 89' lang='lat' dir='ltr'>erunt,</span> <span class='ocrx_word' id='word_1_54' title='bbox 840 1095 871 1154; x_wconf 79' lang='grc' dir='ltr'>δι</span> 
     </span>
    </p>
   </div>
   <div class='ocr_carea' id='block_1_4' title="bbox 188 1167 870 1572">
    <p class='ocr_par' dir='ltr' id='par_1_4' title="bbox 188 1167 870 1572">
     <span class='ocr_line' id='line_1_9' title="bbox 188 1167 870 1250; baseline 0.009 -22"><span class='ocrx_word' id='word_1_55' title='bbox 188 1171 347 1230; x_wconf 70' lang='lat' dir='ltr'>tabellarius</span> <span class='ocrx_word' id='word_1_56' title='bbox 367 1189 431 1228; x_wconf 84' lang='lat' dir='ltr'>non</span> <span class='ocrx_word' id='word_1_57' title='bbox 451 1170 505 1228; x_wconf 89' lang='lat' dir='ltr'>erit</span> <span class='ocrx_word' id='word_1_58' title='bbox 521 1167 684 1250; x_wconf 74' lang='lat' dir='ltr'>profedius,</span> <span class='ocrx_word' id='word_1_59' title='bbox 699 1189 759 1232; x_wconf 86' lang='lat' dir='ltr'>tota</span> <span class='ocrx_word' id='word_1_60' title='bbox 777 1178 870 1234; x_wconf 84' lang='lat' dir='ltr'>comi·</span> 
     </span>
     <span class='ocr_line' id='line_1_10' title="bbox 189 1247 870 1336; baseline 0.009 -26"><span class='ocrx_word' id='word_1_61' title='bbox 189 1251 223 1310; x_wconf 86' lang='lat' dir='ltr'>tia</span> <span class='ocrx_word' id='word_1_62' title='bbox 235 1247 434 1331; x_wconf 88' lang='lat' dir='ltr'>perscribam:</span> <span class='ocrx_word' id='word_1_63' title='bbox 446 1269 510 1328; x_wconf 76' lang='lat' dir='ltr'>quae</span> <span class='ocrx_word' id='word_1_64' title='bbox 525 1251 547 1309; x_wconf 89' lang='lat' dir='ltr'>si</span> <span class='ocrx_word' id='word_1_65' title='bbox 560 1293 571 1320; x_wconf 88' lang='lat'>,</span> <span class='ocrx_word' id='word_1_66' title='bbox 585 1267 617 1309; x_wconf 93' lang='lat' dir='ltr'>ut</span> <span class='ocrx_word' id='word_1_67' title='bbox 655 1269 785 1325; x_wconf 90' lang='lat' dir='ltr'>urantur,</span> <span class='ocrx_word' id='word_1_68' title='bbox 804 1275 870 1336; x_wconf 85' lang='lat' dir='ltr'>gra-</span> 
     </span>
     <span class='ocr_line' id='line_1_11' title="bbox 190 1271 869 1418; baseline 0.004 -28"><span class='ocrx_word' id='word_1_69' title='bbox 190 1333 253 1390; x_wconf 84' lang='lat' dir='ltr'>tuita</span> <span class='ocrx_word' id='word_1_70' title='bbox 269 1329 384 1390; x_wconf 86' lang='lat' dir='ltr'>fuerint</span> <span class='ocrx_word' id='word_1_71' title='bbox 403 1373 414 1403; x_wconf 94' lang='lat'>,</span> <span class='ocrx_word' id='word_1_72' title='bbox 441 1329 505 1407; x_wconf 86' lang='lat' dir='ltr'>plus</span> <span class='ocrx_word' id='word_1_73' title='bbox 521 1351 593 1418; x_wconf 77' lang='lat' dir='ltr'>unus</span> <span class='ocrx_word' id='word_1_74' title='bbox 614 1271 690 1391; x_wconf 68' lang='lat' dir='ltr'>Cpato</span> <span class='ocrx_word' id='word_1_75' title='bbox 714 1337 839 1412; x_wconf 91' lang='lat' dir='ltr'>potuerit</span> <span class='ocrx_word' id='word_1_76' title='bbox 858 1381 869 1410; x_wconf 89' lang='lat'>,</span> 
     </span>
     <span class='ocr_line' id='line_1_12' title="bbox 224 1409 870 1490; baseline 0.008 -20"><span class='ocrx_word' id='word_1_77' title='bbox 224 1409 268 1470; x_wconf 74' lang='lat' dir='ltr'>im</span> <span class='ocrx_word' id='word_1_78' title='bbox 286 1428 397 1470; x_wconf 83' lang='lat' dir='ltr'>omnes</span> <span class='ocrx_word' id='word_1_79' title='bbox 410 1409 529 1490; x_wconf 89' lang='lat' dir='ltr'>quidem</span> <span class='ocrx_word' id='word_1_80' title='bbox 542 1411 662 1487; x_wconf 73' lang='lat' dir='ltr'>judices.</span> <span class='ocrx_word' id='word_1_81' title='bbox 675 1411 800 1473; x_wconf 85' lang='lat' dir='ltr'>Messius</span> <span class='ocrx_word' id='word_1_82' title='bbox 816 1416 870 1474; x_wconf 90' lang='lat' dir='ltr'>de·</span> 
     </span>
     <span class='ocr_line' id='line_1_13' title="bbox 233 1489 868 1572; baseline 0.002 -20"><span class='ocrx_word' id='word_1_83' title='bbox 233 1489 355 1552; x_wconf 81' lang='lat' dir='ltr'>debatur</span> <span class='ocrx_word' id='word_1_84' title='bbox 379 1510 397 1548; x_wconf 89' lang='lat' dir='ltr'>a</span> <span class='ocrx_word' id='word_1_85' title='bbox 418 1491 523 1564; x_wconf 90' lang='lat' dir='ltr'>nobis,</span> <span class='ocrx_word' id='word_1_86' title='bbox 546 1509 563 1550; x_wconf 88' lang='lat' dir='ltr'>c</span> <span class='ocrx_word' id='word_1_87' title='bbox 582 1491 727 1572; x_wconf 81' lang='lat' dir='ltr'>legatione</span> <span class='ocrx_word' id='word_1_88' title='bbox 746 1513 868 1553; x_wconf 85' lang='lat' dir='ltr'>revoca-</span> 
     </span>
    </p>
   </div>
   <div class='ocr_carea' id='block_1_5' title="bbox 143 1567 872 1724">
    <p class='ocr_par' dir='ltr' id='par_1_5' title="bbox 143 1567 872 1724">
     <span class='ocr_line' id='line_1_14' title="bbox 143 1567 872 1652; baseline 0.001 -19"><span class='ocrx_word' id='word_1_89' title='bbox 143 1626 145 1633; x_wconf 93' lang='lat'><em>.</em></span> <span class='ocrx_word' id='word_1_90' title='bbox 192 1585 247 1644; x_wconf 68' lang='grc' dir='ltr'>ως</span> <span class='ocrx_word' id='word_1_91' title='bbox 258 1589 328 1632; x_wconf 87' lang='lat' dir='ltr'>nam</span> <span class='ocrx_word' id='word_1_92' title='bbox 341 1589 414 1630; x_wconf 85' lang='lat' dir='ltr'>eum</span> <span class='ocrx_word' id='word_1_93' title='bbox 428 1567 533 1629; x_wconf 80' lang='lat' dir='ltr'>Caesari</span> <span class='ocrx_word' id='word_1_94' title='bbox 547 1571 574 1629; x_wconf 91' lang='lat' dir='ltr'>le</span> <span class='ocrx_word' id='word_1_95' title='bbox 597 1588 656 1631; x_wconf 89' lang='lat' dir='ltr'>arat</span> <span class='ocrx_word' id='word_1_96' title='bbox 669 1569 792 1652; x_wconf 83' lang='lat' dir='ltr'>Appius.</span> <span class='ocrx_word' id='word_1_97' title='bbox 808 1573 872 1634; x_wconf 89' lang='lat' dir='ltr'>Ser·</span> 
     </span>
     <span class='ocr_line' id='line_1_15' title="bbox 143 1650 870 1724; baseline -0.004 -11"><span class='ocrx_word' id='word_1_98' title='bbox 143 1656 147 1724; x_wconf 57' lang='lat'>&#39;.</span> <span class='ocrx_word' id='word_1_99' title='bbox 190 1651 266 1714; x_wconf 76' lang='lat' dir='ltr'>vilius</span> <span class='ocrx_word' id='word_1_100' title='bbox 292 1651 419 1722; x_wconf 87' lang='lat' dir='ltr'>edixit,</span> <span class='ocrx_word' id='word_1_101' title='bbox 444 1666 477 1709; x_wconf 91' lang='lat' dir='ltr'>ut</span> <span class='ocrx_word' id='word_1_102' title='bbox 500 1650 554 1710; x_wconf 91' lang='lat' dir='ltr'>ade</span> <span class='ocrx_word' id='word_1_103' title='bbox 578 1669 635 1713; x_wconf 91' lang='lat' dir='ltr'>et:</span> <span class='ocrx_word' id='word_1_104' title='bbox 664 1654 754 1713; x_wconf 89' lang='lat' dir='ltr'>tribus</span> <span class='ocrx_word' id='word_1_105' title='bbox 783 1653 870 1716; x_wconf 82' lang='lat' dir='ltr'>habet</span> 
     </span>
    </p>
   </div>
   <div class='ocr_carea' id='block_1_6' title="bbox 189 1728 872 2776">
    <p class='ocr_par' dir='ltr' id='par_1_6' title="bbox 189 1728 872 2776">
     <span class='ocr_line' id='line_1_16' title="bbox 189 1728 872 1818; baseline 0.009 -28"><span class='ocrx_word' id='word_1_106' title='bbox 189 1729 393 1812; x_wconf 84' lang='lat' dir='ltr'>Pomptinam,</span> <span class='ocrx_word' id='word_1_107' title='bbox 413 1728 572 1805; x_wconf 77' lang='lat' dir='ltr'>Velitum,</span> <span class='ocrx_word' id='word_1_108' title='bbox 590 1731 723 1792; x_wconf 87' lang='lat' dir='ltr'>Maeciam</span> <span class='ocrx_word' id='word_1_109' title='bbox 736 1753 744 1791; x_wconf 93' lang='lat'><strong>:</strong></span> <span class='ocrx_word' id='word_1_110' title='bbox 759 1755 872 1818; x_wconf 86' lang='lat' dir='ltr'>pugna·</span> 
     </span>
     <span class='ocr_line' id='line_1_17' title="bbox 190 1810 869 1886; baseline 0.009 -14"><span class='ocrx_word' id='word_1_111' title='bbox 190 1827 230 1872; x_wconf 87' lang='lat' dir='ltr'>tur</span> <span class='ocrx_word' id='word_1_112' title='bbox 242 1813 365 1872; x_wconf 83' lang='lat' dir='ltr'>acriter:</span> <span class='ocrx_word' id='word_1_113' title='bbox 384 1810 477 1886; x_wconf 77' lang='lat' dir='ltr'>agitur</span> <span class='ocrx_word' id='word_1_114' title='bbox 488 1827 588 1871; x_wconf 85' lang='lat' dir='ltr'>tamen</span> <span class='ocrx_word' id='word_1_115' title='bbox 598 1811 671 1872; x_wconf 89' lang='lat' dir='ltr'>satis.</span> <span class='ocrx_word' id='word_1_116' title='bbox 686 1813 804 1877; x_wconf 87' lang='lat' dir='ltr'>Deinde</span> <span class='ocrx_word' id='word_1_117' title='bbox 821 1837 869 1878; x_wconf 88' lang='lat' dir='ltr'>me</span> 
     </span>
     <span class='ocr_line' id='line_1_18' title="bbox 190 1889 867 1974; baseline 0.009 -22"><span class='ocrx_word' id='word_1_118' title='bbox 190 1891 310 1974; x_wconf 81' lang='lat' dir='ltr'>expedio</span> <span class='ocrx_word' id='word_1_119' title='bbox 330 1890 369 1950; x_wconf 88' lang='lat' dir='ltr'>ad</span> <span class='ocrx_word' id='word_1_120' title='bbox 388 1889 514 1950; x_wconf 89' lang='lat' dir='ltr'>Drusum</span> <span class='ocrx_word' id='word_1_121' title='bbox 533 1937 542 1964; x_wconf 94' lang='lat'>,</span> <span class='ocrx_word' id='word_1_122' title='bbox 565 1893 631 1953; x_wconf 89' lang='lat' dir='ltr'>inde</span> <span class='ocrx_word' id='word_1_123' title='bbox 647 1893 683 1952; x_wconf 90' lang='lat' dir='ltr'>ad</span> <span class='ocrx_word' id='word_1_124' title='bbox 705 1895 867 1958; x_wconf 87' lang='lat' dir='ltr'>Scaurum:</span> 
     </span>
     <span class='ocr_line' id='line_1_19' title="bbox 190 1973 871 2055; baseline 0.007 -22"><span class='ocrx_word' id='word_1_125' title='bbox 190 1991 320 2052; x_wconf 87' lang='lat' dir='ltr'>parantur</span> <span class='ocrx_word' id='word_1_126' title='bbox 334 1973 513 2034; x_wconf 84' lang='lat' dir='ltr'>orationibus</span> <span class='ocrx_word' id='word_1_127' title='bbox 526 1973 637 2033; x_wconf 87' lang='lat' dir='ltr'>indices</span> <span class='ocrx_word' id='word_1_128' title='bbox 654 1975 782 2055; x_wconf 85' lang='lat' dir='ltr'>gloriosi.</span> <span class='ocrx_word' id='word_1_129' title='bbox 797 1978 871 2037; x_wconf 90' lang='lat' dir='ltr'>For·</span> 
     </span>
     <span class='ocr_line' id='line_1_20' title="bbox 190 2051 869 2151; baseline 0.01 -40"><span class='ocrx_word' id='word_1_130' title='bbox 190 2051 256 2146; x_wconf 62' lang='lat' dir='ltr'>mise</span> <span class='ocrx_word' id='word_1_131' title='bbox 277 2053 418 2151; x_wconf 66' lang='lat' dir='ltr'>accedent</span> <span class='ocrx_word' id='word_1_132' title='bbox 438 2054 524 2112; x_wconf 89' lang='lat' dir='ltr'>etiam</span> <span class='ocrx_word' id='word_1_133' title='bbox 548 2053 869 2148; x_wconf 78' lang='lat' dir='ltr'>consulesdesignati,</span> 
     </span>
     <span class='ocr_line' id='line_1_21' title="bbox 189 2131 871 2352; baseline 0.006 -82"><span class='ocrx_word' id='word_1_134' title='bbox 189 2131 871 2352; x_wconf 48' lang='lat' dir='ltr'>p,reuertentemrut</span> 
     </span>
     <span class='ocr_line' id='line_1_22' title="bbox 203 2291 871 2374; baseline 0 -20"><span class='ocrx_word' id='word_1_135' title='bbox 203 2294 289 2354; x_wconf 80' lang='lat' dir='ltr'>&#39;neris</span> <span class='ocrx_word' id='word_1_136' title='bbox 307 2291 432 2374; x_wconf 87' lang='lat' dir='ltr'>suspicor</span> <span class='ocrx_word' id='word_1_137' title='bbox 451 2311 510 2372; x_wconf 76' lang='lat' dir='ltr'>jam</span> <span class='ocrx_word' id='word_1_138' title='bbox 528 2314 595 2354; x_wconf 91' lang='lat' dir='ltr'>eum</span> <span class='ocrx_word' id='word_1_139' title='bbox 616 2294 671 2355; x_wconf 77' lang='lat' dir='ltr'>effe</span> <span class='ocrx_word' id='word_1_140' title='bbox 697 2297 726 2353; x_wconf 91' lang='lat' dir='ltr'>in</span> <span class='ocrx_word' id='word_1_141' title='bbox 752 2294 871 2354; x_wconf 87' lang='lat' dir='ltr'>Britan·</span> 
     </span>
     <span class='ocr_line' id='line_1_23' title="bbox 189 2372 868 2458; baseline 0.003 -24"><span class='ocrx_word' id='word_1_142' title='bbox 189 2375 258 2434; x_wconf 88' lang='lat' dir='ltr'>nia:</span> <span class='ocrx_word' id='word_1_143' title='bbox 275 2372 411 2454; x_wconf 89' lang='lat' dir='ltr'>suspenso</span> <span class='ocrx_word' id='word_1_144' title='bbox 430 2377 527 2434; x_wconf 87' lang='lat' dir='ltr'>animo</span> <span class='ocrx_word' id='word_1_145' title='bbox 545 2375 677 2455; x_wconf 77' lang='lat' dir='ltr'>exspedio</span> <span class='ocrx_word' id='word_1_146' title='bbox 697 2376 765 2457; x_wconf 89' lang='lat' dir='ltr'>quid</span> <span class='ocrx_word' id='word_1_147' title='bbox 786 2394 868 2458; x_wconf 83' lang='lat' dir='ltr'>agat:</span> 
     </span>
     <span class='ocr_line' id='line_1_24' title="bbox 190 2451 870 2538; baseline 0 -24"><span class='ocrx_word' id='word_1_148' title='bbox 190 2452 256 2516; x_wconf 85' lang='lat' dir='ltr'>iilud</span> <span class='ocrx_word' id='word_1_149' title='bbox 273 2455 395 2535; x_wconf 89' lang='lat' dir='ltr'>quidem</span> <span class='ocrx_word' id='word_1_150' title='bbox 413 2451 507 2514; x_wconf 87' lang='lat' dir='ltr'>sumus</span> <span class='ocrx_word' id='word_1_151' title='bbox 527 2456 649 2535; x_wconf 86' lang='lat' dir='ltr'>adepti,</span> <span class='ocrx_word' id='word_1_152' title='bbox 669 2458 750 2538; x_wconf 87' lang='lat' dir='ltr'>quod</span> <span class='ocrx_word' id='word_1_153' title='bbox 773 2457 870 2516; x_wconf 77' lang='lat' dir='ltr'>multis</span> 
     </span>
     <span class='ocr_line' id='line_1_25' title="bbox 191 2533 869 2618; baseline 0.007 -24"><span class='ocrx_word' id='word_1_154' title='bbox 191 2533 220 2594; x_wconf 75' lang='lat' dir='ltr'>dt</span> <span class='ocrx_word' id='word_1_155' title='bbox 236 2537 350 2618; x_wconf 80' lang='lat' dir='ltr'>magnis</span> <span class='ocrx_word' id='word_1_156' title='bbox 363 2534 477 2594; x_wconf 86' lang='lat' dir='ltr'>indiciis</span> <span class='ocrx_word' id='word_1_157' title='bbox 491 2535 636 2614; x_wconf 84' lang='lat' dir='ltr'>possumus</span> <span class='ocrx_word' id='word_1_158' title='bbox 654 2535 779 2615; x_wconf 85' lang='lat' dir='ltr'>judicare</span> <span class='ocrx_word' id='word_1_159' title='bbox 791 2585 800 2611; x_wconf 96' lang='lat'>,</span> <span class='ocrx_word' id='word_1_160' title='bbox 814 2559 869 2599; x_wconf 88' lang='lat' dir='ltr'>nos</span> 
     </span>
     <span class='ocr_line' id='line_1_26' title="bbox 189 2611 870 2706; baseline 0.009 -32"><span class='ocrx_word' id='word_1_161' title='bbox 189 2611 293 2676; x_wconf 69' lang='lat' dir='ltr'>&amp;sari</span> <span class='ocrx_word' id='word_1_162' title='bbox 306 2617 339 2674; x_wconf 90' lang='lat'>&amp;</span> <span class='ocrx_word' id='word_1_163' title='bbox 351 2616 515 2674; x_wconf 86' lang='lat' dir='ltr'>carissimos</span> <span class='ocrx_word' id='word_1_164' title='bbox 527 2615 790 2706; x_wconf 78' lang='lat' dir='ltr'>&amp;jucundissimos</span> <span class='ocrx_word' id='word_1_165' title='bbox 803 2617 870 2682; x_wconf 83' lang='lat' dir='ltr'>effe.</span> 
     </span>
     <span class='ocr_line' id='line_1_27' title="bbox 191 2691 871 2776; baseline 0.01 -22"><span class='ocrx_word' id='word_1_166' title='bbox 191 2691 372 2776; x_wconf 81' lang='lat' dir='ltr'>Dionysium</span> <span class='ocrx_word' id='word_1_167' title='bbox 388 2695 480 2754; x_wconf 86' lang='lat' dir='ltr'>velim</span> <span class='ocrx_word' id='word_1_168' title='bbox 496 2693 605 2757; x_wconf 84' lang='lat' dir='ltr'>salvere</span> <span class='ocrx_word' id='word_1_169' title='bbox 621 2700 738 2775; x_wconf 69' lang='lat' dir='ltr'>lubeas,</span> <span class='ocrx_word' id='word_1_170' title='bbox 754 2701 786 2759; x_wconf 73' lang='grc' dir='ltr'>ὃ(</span> <span class='ocrx_word' id='word_1_171' title='bbox 803 2721 871 2761; x_wconf 91' lang='lat' dir='ltr'>eum</span> 
     </span>
    </p>
   </div>
   <div class='ocr_carea' id='block_1_7' title="bbox 191 2776 872 2860">
    <p class='ocr_par' dir='ltr' id='par_1_7' title="bbox 191 2776 872 2860">
     <span class='ocr_line' id='line_1_28' title="bbox 191 2776 872 2860; baseline 0.01 -26"><span class='ocrx_word' id='word_1_172' title='bbox 191 2795 273 2858; x_wconf 81' lang='lat' dir='ltr'>roges</span> <span class='ocrx_word' id='word_1_173' title='bbox 285 2777 320 2834; x_wconf 78' lang='lat' dir='ltr'>dt</span> <span class='ocrx_word' id='word_1_174' title='bbox 330 2776 468 2849; x_wconf 87' lang='lat' dir='ltr'>hortere,</span> <span class='ocrx_word' id='word_1_175' title='bbox 485 2794 516 2835; x_wconf 90' lang='lat' dir='ltr'>ur</span> <span class='ocrx_word' id='word_1_176' title='bbox 527 2781 738 2860; x_wconf 86' lang='lat' dir='ltr'>quamprimum</span> <span class='ocrx_word' id='word_1_177' title='bbox 754 2785 872 2852; x_wconf 89' lang='lat' dir='ltr'>veniat,</span> 
     </span>
    </p>
   </div>
   <div class='ocr_carea' id='block_1_8' title="bbox 144 2853 871 2944">
    <p class='ocr_par' dir='ltr' id='par_1_8' title="bbox 144 2853 871 2944">
     <span class='ocr_line' id='line_1_29' title="bbox 144 2853 871 2944; baseline 0.007 -31"><span class='ocrx_word' id='word_1_178' title='bbox 144 2858 147 2881; x_wconf 81' lang='lat'><strong>¹</strong></span> <span class='ocrx_word' id='word_1_179' title='bbox 191 2873 221 2916; x_wconf 90' lang='lat' dir='ltr'>ut</span> <span class='ocrx_word' id='word_1_180' title='bbox 236 2858 330 2938; x_wconf 83' lang='lat' dir='ltr'>possit</span> <span class='ocrx_word' id='word_1_181' title='bbox 350 2853 528 2917; x_wconf 87' lang='lat' dir='ltr'>Ciceronem</span> <span class='ocrx_word' id='word_1_182' title='bbox 545 2879 662 2937; x_wconf 86' lang='lat' dir='ltr'>meunt,</span> <span class='ocrx_word' id='word_1_183' title='bbox 678 2879 764 2944; x_wconf 85' lang='lat' dir='ltr'>atque</span> <span class='ocrx_word' id='word_1_184' title='bbox 783 2865 871 2923; x_wconf 86' lang='lat' dir='ltr'>etiarn</span> 
     </span>
    </p>
   </div>
   <div class='ocr_carea' id='block_1_9' title="bbox 193 2936 502 3016">
    <p class='ocr_par' dir='ltr' id='par_1_9' title="bbox 193 2936 502 3016">
     <span class='ocr_line' id='line_1_30' title="bbox 193 2936 502 3016; baseline 0.013 -20"><span class='ocrx_word' id='word_1_185' title='bbox 193 2952 239 2998; x_wconf 82' lang='lat' dir='ltr'>tue</span> <span class='ocrx_word' id='word_1_186' title='bbox 259 2936 502 3016; x_wconf 73' lang='lat' dir='ltr'>ipsumcrudire.</span> 
     </span>
    </p>
   </div>
   <div class='ocr_carea' id='block_1_10' title="bbox 232 3097 765 3164">
    <p class='ocr_par' dir='ltr' id='par_1_10' title="bbox 232 3097 765 3164">
     <span class='ocr_line' id='line_1_31' title="bbox 232 3097 765 3164; baseline 0.021 -6"><span class='ocrx_word' id='word_1_187' title='bbox 232 3099 331 3161; x_wconf 75' lang='lat' dir='ltr'>rmus</span> <span class='ocrx_word' id='word_1_188' title='bbox 345 3099 437 3164; x_wconf 78' lang='lat' dir='ltr'><em>XIII.</em></span> <span class='ocrx_word' id='word_1_189' title='bbox 748 3097 765 3160; x_wconf 90' lang='grc' dir='ltr'>Ῑ</span> 
     </span>
    </p>
   </div>
   <div class='ocr_carea' id='block_1_11' title="bbox 0 0 1068 3984">
    <p class='ocr_par' dir='ltr' id='par_1_11' title="bbox 0 0 1068 3984">
     <span class='ocr_line' id='line_1_32' title="bbox 0 0 1068 3984; baseline 0 0"><span class='ocrx_word' id='word_1_190' title='bbox 0 0 1068 3984; x_wconf 95' lang='lat' dir='ltr'> </span> 
     </span>
    </p>
   </div>
  </div>
 </body>
</html>
