2117 3984
258 474 327 549 350
446 448 745 524 Ensronn

254 565 493 638 datiore.animo,
503 562 591 643 quim
605 562 734 643 proxime
750 559 941 642 scripseram,

253 645 362 710 nullum
383 666 483 706 meum
500 642 639 721 judicium
656 646 869 723 interponens,
888 643 942 706 sed

251 728 404 804 exquirens
419 744 510 785 tuum.
599 773 603 784 .
848 763 855 782 ι
936 753 939 760 ·

365 841 525 904 Crcruo
552 842 715 905 Arrrco
742 838 831 902 Shu.

251 933 548 1038 4.Drours1u's
578 962 697 1043 quidem
725 978 791 1022 tuus
807 964 940 1041 potius-2,

252 1045 341 1125 quim
363 1043 473 1119 noster,
494 1041 574 1122 cujus
597 1063 654 1124 ego
674 1063 764 1122 quum
787 1041 854 1103 satis
878 1064 937 1106 eo.

251 1125 380 1214 gnossem
395 1145 510 1198 mores,
529 1142 581 1184 tuo
598 1141 695 1182 tamen
708 1125 805 1202 potiirs
826 1121 937 1186 stabam

250 1206 357 1283 judicio
372 1249 382 1278 ,
400 1205 487 1285 quim
508 1224 579 1287 rneq
588 1247 599 1273 ,
619 1224 656 1263 ne
676 1208 717 1262 rui
729 1204 848 1284 quidem
860 1202 939 1268 testie

250 1290 363 1362 monii,
382 1286 462 1366 quod
487 1288 514 1345 ei
533 1284 607 1363 saepe
622 1283 700 1363 apud
723 1304 770 1343 me
791 1283 938 1360 dederas,

250 1370 376 1439 veritus,
393 1365 546 1446 superbum
564 1364 593 1425 se
610 1366 730 1444 praebuit
747 1368 777 1422 in
797 1363 933 1440 fortuma,

250 1465 337 1525 quam
352 1449 464 1529 putavit
483 1444 608 1506 nostram
621 1444 689 1504 fore
709 1464 716 1503 :
735 1443 815 1522 cujus
834 1444 936 1508 sonu-'-

250 1547 294 1588 nae
311 1550 388 1600 nos,
408 1545 545 1607 quantum
568 1528 694 1585 humano
711 1525 834 1585 consilio
859 1519 937 1588 effid

272 1612 375 1681 oterit,
395 1626 509 1668 motum
527 1608 638 1668 rarione
651 1606 773 1686 quadam
788 1607 937 1687 gubernas

249 1626 353 1762 timus.
369 1688 427 1750 Cui
446 1691 495 1768 qui
517 1686 611 1748 noster
625 1688 739 1760 honos,
753 1687 834 1768 quod
849 1686 936 1750 obde·

188 1783 193 1792 ’
248 1771 374 1847 quium,
398 1789 463 1849 quae
482 1767 622 1829 etiamad
642 1784 756 1827 ceteros
772 1770 937 1850 contempti

249 1846 395 1925 cujusdam
417 1850 542 1907 hominis
568 1848 783 1907 commendatio
809 1846 936 1908 defuit?

247 1944 280 1987 ut
303 1948 401 1989 meum
418 1925 557 2005 judicium
576 1928 751 2007 reprehendi
777 1949 794 1986 a
814 1925 934 2005 Quinto

248 2005 360 2081 fratre,
391 2008 539 2090 vulgoque
565 2011 601 2067 ab
629 2009 761 2068 omnibus
792 2007 934 2083 mallem,

235 2087 336 2167 ¹quim
353 2089 435 2149 illurn
451 2109 511 2148 non
522 2086 624 2149 efferre
641 2088 769 2147 laudibus
786 2086 935 2160 ,Cicero'v

247 2168 353 2250 nesque
375 2168 486 2232 nostros
507 2190 575 2230 meo
596 2170 692 2250 potilrs
712 2167 813 2228 labore
831 2166 941 2228 subdo,¹

248 2253 307 2309 ceri
317 2245 335 2323 ,‘
346 2250 433 2332 quim
450 2271 497 2311 me
516 2253 648 2309 aliumvis
670 2246 833 2329 magistrum
850 2268 933 2327 quae,

247 2349 321 2392 rere.
342 2332 393 2391 Ad
410 2352 497 2412 quem
514 2351 571 2412 ego
591 2350 660 2410 quas
677 2330 806 2402 litteras,
823 2329 865 2387 dii
876 2332 934 2388 im·

245 2412 403 2485 mortales,
422 2410 580 2473 miseram?
596 2428 735 2490 quantum
757 2410 876 2470 honoris
894 2410 934 2469 si·

232 2548 234 2552 .
246 2489 415 2571 gnificantes
435 2494 446 2553 l
466 2510 605 2574 quantum
631 2493 736 2551 amoris
760 2490 771 2547 ἓ
795 2488 931 2548 Dicaear·

247 2571 333 2632 chum
352 2572 537 2646 mehercule,
553 2589 602 2633 aut
624 2570 828 2632 Aristoxenum
842 2568 929 2629 dice-

246 2670 291 2710 res
309 2656 432 2726 arcessi,
451 2675 510 2713 non
526 2673 616 2712 unum
636 2655 768 2712 omnium
788 2650 933 2730 loquacis,

246 2731 374 2808 simum,
396 2734 428 2792 ὅ(
449 2736 567 2793 minime
585 2751 683 2811 aptum
700 2732 737 2791 ad
752 2730 932 2791 docendum·

244 2810 303 2871 Sed
322 2811 362 2873 est
378 2817 517 2874 memorii
529 2814 617 2872 bona.
632 2813 684 2873 Me
703 2810 846 2873 diceteffe
861 2830 930 2871 mea.

243 2892 330 2954 liore.
345 2892 463 2974 Quibus
475 2895 574 2953 litteris
590 2895 629 2950 ita
645 2893 810 2972 respondit,
824 2909 856 2951 ur
870 2910 930 2973 ego

245 2976 372 3051 nemini,
383 2974 461 3055 cujus
472 2973 585 3042 eausam
595 2995 655 3034 non
667 2977 828 3054 reciperem
838 2993 845 3030 :
854 2971 930 3033 semi

128 3333 246 3546 Ὗ
