2117 3984
963 417 984 456 a

261 500 327 590 236
449 495 748 562 Errsrora
926 519 984 562 *e

255 612 382 750 Rarius.
400 607 473 670 Inde
492 612 520 669 in
539 608 625 668 castr'a
636 610 704 668 veni
721 629 748 669 a.
766 608 860 668 d.vl1
873 595 933 668 Kal.
958 601 984 664 ’Ξ

296 707 338 770 pt.
347 689 386 748 A.
398 690 429 748 d.
438 707 477 748 111
487 693 644 749 exercitum
654 686 769 749 lustravi
788 687 865 768 apud
873 685 933 748 leo*
963 687 971 724 ¹

256 771 348 829 nium.
358 767 401 828 Ex
417 769 460 828 his
479 768 594 842 castris,
613 789 701 848 quum
712 777 818 850 graves
827 767 863 828 de
872 765 934 826 Para
964 769 984 826 F

257 849 314 909 this
339 849 429 908 nuntii
444 851 596 922 venirent,
620 852 733 927 perrexi
754 851 787 907 iri
809 845 935 909 Ciliciam
961 849 984 888 ¹

258 949 313 1009 per
330 927 524 1009 Cappadociae
544 945 656 1009 partem
675 947 763 1002 eam,
806 947 852 987 uae
873 923 937 988 Cili-
963 927 984 968 ῑ

262 1013 335 1069 ciam
357 1011 469 1090 attingit
485 1029 494 1081 ;
513 1030 552 1069 eo
570 1009 711 1080 consilio,
733 1025 765 1069 ut
863 1009 935 1068 enias
959 1007 984 1056 ’ἶῑ

261 1089 452 1162 Artavasdes,
472 1089 578 1169 &ipsi
596 1087 688 1147 Parthi
706 1086 897 1181 Cappadocid
913 1085 938 1148 se
970 1091 984 1130 ¹

971 1165 984 1186 μ

260 1170 374 1228 excludi
395 1185 537 1250 putarent.
555 1167 658 1245 Quum
677 1168 738 1228 dies
759 1186 888 1248 qumque
907 1167 939 1228 ad
968 1191 984 1286 p

262 1247 398 1328 Cybistra
420 1245 624 1327 Cappadociae
650 1246 738 1307 castra
765 1245 942 1318 habuissem,

261 1332 368 1389 certior
389 1328 450 1388 sum
469 1327 578 1400 sallus,
599 1326 717 1388 Parthos
740 1327 777 1386 ab
795 1327 848 1388 illo
869 1327 939 1386 aditu
972 1333 984 1366 ἲ

261 1405 461 1489 Cappadociae
482 1409 571 1489 longi
588 1406 680 1466 abeffe
700 1429 709 1480 3
731 1405 940 1548 Cilicia&
977 1417 984 1454 ²

263 1490 440 1549 imminere:
459 1490 498 1548 ita
520 1508 555 1548 ue
574 1485 724 1547 confestim
742 1490 798 1547 iter
817 1489 848 1547 in
917 1487 941 1534 ἰ
978 1493 984 1544 ἒ

263 1565 341 1629 'ciam
364 1571 421 1629 feci
443 1589 495 1648 per
543 1571 602 1627 auri
621 1567 716 1648 pylas.
734 1565 859 1627 Tarsum
880 1567 943 1628 veni
979 1551 984 1670 l

266 1669 292 1709 a.
311 1651 339 1708 d.
363 1667 402 1708 ιιι
418 1647 496 1707 Νοη.
521 1647 629 1708 Ollob.
648 1647 715 1705 inde
736 1647 774 1706 ad
800 1646 944 1708 Amanum
982 1679 984 1688 ⁴

268 1729 426 1798 contendi,
452 1731 501 1805 qui
518 1727 633 1807 Syriam
655 1749 671 1785 a
689 1725 793 1786 Cilicia
813 1747 945 1808 aquarum
981 1721 984 1740 ’

267 1807 393 1866 divortio
418 1806 521 1865 dividit
540 1827 549 1877 ;
571 1810 619 1886 qui
642 1828 725 1866 mons
746 1824 809 1867 erat
828 1805 945 1868 hostium

264 1886 369 1964 plenus
385 1883 636 1963 sempiter‘norum.
653 1887 710 1945 Hic
727 1908 752 1958 a,
772 1887 803 1946 d.
821 1905 864 1948 111
884 1885 946 1948 Idus

242 1983 243 1987 ’
268 1963 376 2025 ottob.
399 1985 537 2045 magnum
556 1987 708 2026 numerum
728 1965 855 2027 hostium
873 1969 947 2028 occi·

269 2043 361 2103 dimus
385 2064 392 2100 ι
420 2043 535 2104 castella
562 2050 777 2120 munitissima,
810 2045 947 2106 noclumo

267 2121 416 2205 Pomptini
436 2125 583 2201 adventu,
601 2125 696 2186 nostro
716 2129 884 2201 matutino,
905 2145 949 2186 ce·

270 2207 387 2283 pimus,
403 2207 590 2266 incendimus.
613 2209 653 2267 lm
672 2226 788 2266 emtores
816 2207 950 2288 appellati

268 2284 375 2346 sumus.
396 2284 494 2345 Callra
510 2308 618 2366 paucos
642 2230 701 2347 ‹iies
722 2287 897 2362 habuimus,
919 2305 972 2362 ea,

270 2367 281 2424 i
304 2365 351 2438 sa,
395 2387 438 2425 uae
453 2382 554 2425 contra
569 2365 691 2425 Darium
714 2367 854 2427 habuerat
876 2363 951 2446 apud

290 2443 358 2504 llum
407 2447 541 2506 lexander
561 2490 572 2515 ,
591 2447 748 2525 imperator
768 2447 846 2505 haud
866 2445 951 2526 paulh

272 2527 396 2597 melior,
414 2525 500 2607 quam
520 2543 567 2585 aut
582 2542 633 2598 tu,
657 2545 705 2587 ant
726 2547 783 2608 ego
804 2546 811 2583 :
830 2526 870 2585 ibi
892 2525 952 2586 dies

272 2609 399 2686 quinque
416 2609 540 2679 morari,
559 2606 672 2686 direpto
686 2607 718 2666 δι
733 2604 845 2667 vastato
865 2605 954 2666 Ama·

273 2704 313 2743 no
328 2729 337 2756 ‚
355 2686 422 2746 inde
439 2685 626 2745 discessimus.
641 2686 699 2745 Scis
714 2690 800 2745 enim·
810 2686 867 2745 dici
882 2705 956 2768 que·

273 2763 343 2823 dam
365 2769 461 2826 narrarit
478 2786 485 2822 :
504 2767 560 2823 dici
577 2769 648 2824 item
665 2768 769 2841 adunivit
789 2771 825 2827 τῦ
841 2769 956 2842 'rhipu-

275 2842 405 2904 Rumore
427 2843 566 2903 adventds
585 2843 696 2915 nostri,
718 2845 751 2903 δι
772 2843 896 2918 Cassio,
910 2845 958 2925 qui

276 2923 438 2985 Antiochiae
456 2925 626 2995 tenebatur,
642 2928 753 2983 animus
774 2927 913 2998 accessit,
926 2923 958 2983 δι

277 3002 384 3068 Parthis
402 3005 489 3065 timor
504 3000 623 3083 injellus
635 3002 693 3065 est:
707 3006 806 3086 itaque
827 3025 879 3065 eos
890 3048 899 3078 ,
912 3023 960 3065 cc·
