2117 3984
188 467 253 528 ’.ω
274 453 587 524 Armenium.
605 456 668 524 IV.
714 458 782 552 169

160 569 375 664 &adjungit
397 569 511 630 classem
538 571 569 631 &
594 573 777 644 exercitum,

150 675 238 732 unlus
259 652 416 733 imperium
437 653 468 711 in
491 654 669 730 provinciis,
693 653 782 733 quim

150 755 275 806 eorum,
294 733 412 813 quiens
434 731 596 794 obtineant.
613 729 665 790 lua
688 732 783 793 nostra

153 813 314 876 consularis
326 831 403 872 nunc
418 811 548 873 modesta
561 812 676 872 videtur
690 858 699 887 ,
718 815 781 874 haec

150 895 195 956 eii
211 913 276 954 non
291 891 422 954 ferenda.
436 891 591 972 Pompeius
608 892 690 951 illam
705 894 783 954 velle

150 974 211 1036 licit
227 993 238 1048 ;
252 971 409 1034 familiares
432 1017 443 1044 ,
467 972 573 1046 hanc'3
600 971 786 1048 consulares,

150 1075 167 1116 e
187 1053 348 1127 Favonio,
368 1051 495 1112 fremunt
519 1074 527 1112 :
554 1073 609 1112 nos
629 1069 758 1114 tacemus
776 1074 786 1125 ;

150 1137 183 1198 εδ
199 1136 316 1216 magis,
339 1132 475 1214 qubd·de
495 1131 585 1192 domo
606 1131 700 1192 nostra
714 1135 786 1193 nihil

150 1237 186 1278 nc
206 1211 366 1296 pontifices
378 1211 585 1292 responderunt
604 1234 611 1271 :
632 1215 681 1293 qui
692 1217 715 1274 si
726 1214 784 1276 sus·

151 1297 212 1358 rint
230 1295 284 1356 reli
307 1296 426 1366 'onem,
442 1315 537 1352 aream
573 1295 715 1354 raetlaram
733 1297 785 1355 ha-

150 1379 226 1440 imns
250 1315 460 1454 3Iiperficiem
483 1375 613 1434 conules
638 1394 674 1435 ex
699 1376 784 1436 sena-

150 1455 277 1520 onsulto-
294 1451 471 1514 aestimabunt
491 1475 498 1513 :
522 1457 567 1514 sin
596 1454 698 1524 aliter,
730 1457 784 1516 de-

151 1541 273 1610 iemur,
288 1533 339 1596 suo
359 1537 477 1594 nomine
489 1534 644 1607 locabant,
661 1555 722 1594 rem
737 1553 785 1597 to-

169 1615 366 1680 aestimabunt.
383 1613 425 1675 Ita
445 1614 507 1674 sunt
527 1635 573 1674 res
597 1612 701 1672 nosti-ze
724 1659 734 1688 ‚
752 1634 784 1677 ut

151 1697 275 1760 'ecundis
299 1697 384 1756 fluxae
400 1740 411 1769 ‚
429 1713 459 1756 ut
485 1697 514 1754 in
526 1695 664 1756 adversi,
689 1697 785 1760 bonae.

151 1799 174 1842 e
190 1777 328 1840 familiari
344 1776 429 1838 valde
447 1775 564 1850 sumus,
582 1793 613 1835 ut
630 1778 697 1849 leis,
719 1799 787 1858 per-

151 1861 210 1922 nti.
227 1857 371 1919 Praeterea
381 1855 443 1917 sunt
456 1856 588 1936 quaedam
605 1857 782 1932 domnica,

151 1939 278 2008 siineris
300 1958 361 1998 non
378 1941 540 1998 committo.
560 1935 704 2015 Quintum
727 1938 785 1999 fra·

151 2041 190 2098 n,
205 2021 311 2104 insigni
333 2021 462 2100 pietate,
479 2019 608 2090 virtute,
627 2017 683 2078 fide
707 2042 782 2099 prae-

151 2121 192 2162 m
207 2103 248 2162 sic
269 2121 357 2174 amo,
379 2117 410 2159 ut
432 2098 537 2158 debeo.
551 2096 598 2158 Te
622 2099 784 2179 exspeeio,

157 2201 228 2258 οῐο,
247 2199 280 2242 ut
298 2197 424 2240 matures
439 2180 540 2239 venire
553 2198 562 2252 ;
578 2198 673 2258 eoque
686 2183 784 2240 animo

151 2261 219 2338 lia,
233 2280 264 2322 ut
284 2281 332 2322 me
351 2277 402 2321 tuo
418 2259 541 2319 consilio
560 2278 646 2339 egere
665 2280 724 2319 non
749 2262 785 2318 si-

162 2363 172 2404 :
190 2345 307 2404 alterius
324 2342 390 2400 vitae
407 2341 556 2420 quoddam
573 2340 684 2398 initium
705 2340 785 2399 ordi·

151 2443 163 2484 r
181 2443 189 2482 τ
210 2421 271 2501 jam
286 2422 425 2502 quidam,
446 2422 497 2501 qui
516 2441 571 2479 nos
589 2417 717 2480 absentes
734 2420 784 2481 de-

151 2503 275 2576 derunt,
298 2503 438 2580 incipiunt
461 2500 645 2580 praesentibus
669 2503 783 2564 occulte

151 2583 212 2680 ki,
233 2584 331 2665 aperte
355 2580 495 2644 invidere.
525 2581 722 2644 Vehementer
751 2602 781 2645 te

152 2685 281 2726 ummus.

212 2779 377 2847 Cictno
404 2781 570 2842 Αττιοο
597 2783 693 2858 Sin..

152 2865 197 2960 31
218 2897 295 2963 forte
313 2907 401 2966 ratiis
421 2907 474 2966 tibi
492 2928 509 2966 a
521 2924 569 2966 me
581 2951 590 2978 ‚
608 2906 694 2987 quim
706 2925 722 2962 a
733 2921 784 2961 ce-

152 3005 192 3056 s,
213 2981 316 3044 litterae
331 2985 508 3062 redduntur3
526 3005 597 3069 peto
612 3008 629 3045 a
644 3004 673 3045 te
686 3027 696 3058 ,
708 2999 740 3042 ut
754 2981 784 3043 id

152 3063 244 3126 Ioniis
264 3064 351 3131 XIII.
633 3063 663 3124 H
737 3113 751 3130 ..
