2117 3984
256 462 326 559 306
441 460 743 566 Emonam

251 594 315 640 tum
327 575 384 636 hoc
399 574 455 636 iter
470 573 605 653 Pompeii
620 570 841 652 vituperarent?
860 569 936 636 Pace

251 679 327 738 opus
346 652 407 716 est:
427 676 465 716 ex
485 653 604 716 viiioria
622 672 711 735 quum
731 649 822 712 multa
840 653 939 729 mala,

190 772 194 778 -
252 753 318 798 tum
329 736 407 797 certi
422 752 564 818 tyrannus
581 731 707 793 exsistet.
719 731 778 793 Sed
792 732 940 813 haecpro-

251 819 373 900 pedietn
398 817 509 877 cotim.
537 814 601 875 Jam
625 814 711 893 plani
734 813 805 872 mini
830 811 942 889 deest,

253 898 336 979 quod
359 896 397 955 ad
418 915 447 957 te
466 895 608 956 scribam:
630 913 684 953 nec
700 896 778 953 enim
796 894 834 955 de
853 901 941 975 repn-¹

253 978 353 1050 blica,
368 977 448 1058 quod
466 993 588 1055 uterque
603 972 731 1033 nostnim
746 973 796 1034 scit
812 974 937 1050 eadem

256 1059 291 1119 &
316 1056 473 1118 domestica
500 1071 570 1115 nota
592 1054 655 1114 sunt
683 1054 833 1115 ambobus.
857 1053 942 1116 Reli·

254 1157 344 1219 quum
367 1134 407 1196 est
426 1135 516 1214 jocari
535 1180 545 1208 ,
566 1138 590 1194 si
612 1136 658 1193 hic
684 1138 779 1194 sinat:
796 1155 866 1194 nam

252 1217 279 1280 is
293 1216 377 1288 sum,
394 1218 445 1297 qui
459 1216 499 1276 illi
515 1214 638 1275 concedi
652 1230 753 1294 putem
773 1216 870 1275 utilius
884 1153 943 1276 ξε

252 1298 334 1377 quod
347 1294 488 1378 postulat,
509 1294 597 1376 quim
611 1297 691 1375 sig'na
704 1291 852 1355 conferri:
871 1295 938 1358 sero

254 1380 335 1436 enim
355 1372 510 1436 resistimus
531 1376 580 1449 ei,
601 1394 689 1456 quem
709 1393 762 1454 per
781 1396 874 1436 annos
892 1375 945 1439 de.-

254 1477 320 1517 cern
340 1457 460 1516 aluimus
480 1471 580 1516 contra
597 1476 662 1515 nos.
679 1453 765 1533 Quid
780 1455 868 1518 sentis
884 1456 945 1538 igi-

254 1536 326 1597 tur?
353 1539 457 1618 inquis.
484 1535 563 1596 Nihil
586 1534 691 1595 scilicet
708 1580 718 1607 ‚
738 1538 794 1596 nisi
813 1536 852 1596 de
874 1534 944 1598 sen-

256 1619 348 1677 tentia
364 1635 432 1689 tua3
448 1637 502 1677 nec
522 1617 601 1696 priius
619 1615 754 1753 quidem,
768 1615 857 1698 quim
874 1615 945 1678 nos·

253 1713 331 1756 trum
343 1699 494 1777 negotium
507 1714 556 1757 aut
569 1714 626 1755 con
639 1697 800 1769 ecerimus,
820 1713 870 1757 aut
888 1697 945 1758 de·

256 1774 444 1854 posuerimus.
472 1774 552 1835 Cura
573 1777 678 1855 igitur,
695 1776 857 1837 utualeas.
875 1777 946 1836 Ali-

254 1854 373 1933 quando
402 1856 552 1931 άπέτςιψιι
579 1873 747 1931 quartanam
766 1855 851 1917 istam
875 1857 944 1917 dili-

252 1932 376 2014 gentii,
395 1953 459 2013 quae
480 1934 510 1990 in
531 1947 563 1992 te
586 1931 696 1994 summa
716 1933 768 1995 est.
809 1939 814 1946 '

362 2047 722 2114 c1canonra1c0
750 2051 842 2116 Sat..

253 2135 439 2234 &Panna
460 2169 561 2244 deest,
584 2173 665 2253 quod
686 2174 722 2234 ad
743 2192 772 2235 te
791 2176 944 2239 scribam:

255 2267 328 2311 nota
349 2255 448 2313 omnia
472 2253 524 2311 tibi
547 2252 632 2327 sunt;
653 2274 708 2313 nec
731 2256 790 2335 ipse
810 2258 944 2320 habeon

255 2348 287 2390 te
302 2333 371 2409 quid
382 2331 554 2411 exspeiiem.
569 2333 696 2393 Tantum
712 2337 798 2416 igitur
812 2335 944 2398 nostrum

256 2411 327 2469 illud
345 2411 462 2472 solenne
481 2412 648 2487 servemus,
665 2431 696 2474 ut
711 2433 749 2476 ne
768 2438 858 2498 quem
875 2416 945 2478 istuc

257 2506 375 2550 euntem
393 2495 453 2550 sine
468 2491 567 2553 litteris
584 2495 769 2555 dimittamus.
789 2496 840 2560 De
857 2517 945 2578 repu-

253 2568 329 2628 blica
349 2570 436 2631 valde
452 2573 543 2631 timeo
562 2594 569 2631 :
589 2595 642 2633 nec
663 2575 753 2635 adhuc
774 2576 837 2640 fer&
858 2582 946 2638 iuve-

255 2651 310 2720 ni,
331 2653 379 2729 qui
402 2673 462 2711 non
488 2655 708 2714 concedendum
732 2675 849 2735 putaret
873 2656 945 2718 (ἰε-

257 2727 310 2788 sari
328 2732 408 2810 quod
430 2732 612 2811 postularet,
636 2738 756 2814 potius,
781 2739 871 2819 quim
889 2739 949 2800 de·

259 2812 457 2890 pugnandum.
488 2809 536 2870 Est
564 2814 612 2872 illa
640 2816 758 2896 quidem
788 2817 948 2898 postulatio

261 2893 402 2968 opinione
421 2891 584 2950 valentior:
603 2915 653 2953 cur
672 2914 767 2956 autem
787 2919 867 2958 nunc
888 2902 949 2980 pri·

254 2970 343 3028 'mium
360 2974 387 3031 ei
400 2969 580 3032 resistamus?
598 2977 674 3051 u'yiq
688 2975 784 3039 cinnii·
796 2985 890 3060 μᾶζαν
902 2982 951 3051 izi
