2117 3984
259 473 332 550 254
440 451 747 521 Entsrotn
782 469 821 508 ’-

256 569 307 630 fito
327 568 456 648 periculo
482 565 538 628 esse
553 588 573 639 3·
585 568 665 647 quod
680 587 747 627 -nec
772 565 938 629 mibi-unt·

255 669 341 728 quam
358 647 463 708 Brutus
486 649 615 720 dixerat,
630 667 690 708 -nec
711 649 765 707 tibi
786 667 794 706 ε
817 651 937 726 'etiam

254 748 287 789 nt
300 727 497 808 praefecturam
507 727 625 807 Scaptio
639 725 805 788 deferrem-2
821 727 938 808 idvetid

254 829 309 889 per
325 825 355 868 te
367 827 591 890 exceperamus,
601 827 638 868 ne
651 810 842 889 negotiatori:
856 809 937 890 qubd

254 891 278 948 si
295 890 448 967 cuiquam,
460 890 526 948 huic
542 904 638 947 tamen
654 907 735 960 non;
751 887 846 949 tuerat
859 891 937 964 enim

255 969 404 1049 praefebitts
417 969 537 1054 Appi03
553 968 584 1026 &
598 965 718 1048 quidem
729 968 871 1030 habuerat
882 985 939 1030 tur·

256 1069 319 1108 mas
341 1052 506 1130 equitum‘t
520 1047 627 1128 quibus
647 1041 791 1108 inclusum
809 1051 840 1108 iu
862 1053 939 1112 tutin

255 1128 385 1190 senatum
402 1127 545 1189 Salamine
565 1128 738 1202 obsederat,
757 1127 887 1190 urdene
897 1129 939 1192 se·

255 1228 373 1270 natores
391 1212 518 1290 quinque
536 1227 727 1270 morerentura
744 1206 939 1292 ltaque-egei

294 1308 329 1349 o·
342 1289 388 1351 die
413 1291 500 1372 tetigi
518 1290 698 1367 provinciam
718 1333 728 1361 ,
752 1305 844 1370 quum
870 1291 940 1370 mibi

285 1372 364 1449 yptii
380 1371 470 1450 iegati
482 1368 628 1449 Ephesum
642 1367 941 1446 obviamoerufftnrt

255 1449 362 1510 litteras
375 1453 446 1509 -tnisi
461 1494 471 1523 ,
493 1466 525 1511 nt
548 1452 661 1530 equites
683 1465 721 1509 ex
737 1446 831 1510 insuia
846 1447 941 1512 {tatio

256 1529 445 1591 decederent
462 1530 517 1591 His
531 1529 673 1589 decausis
687 1529 778 1588 credo
788 1528 941 1611 Scaptium

255 1610 295 1668 ini
317 1615 379 1672 nius
404 1611 440 1672 de
464 1629 514 1670 me
538 1609 645 1690 aliquid
667 1608 704 1669 ad
722 1608 845 1671 Brutum
867 1609 941 1672 scri*

255 1692 300 1768 psi
322 1711 339 1751 e
351 1712 358 1749 t
373 1689 424 1750 sed
435 1708 533 1751 tamen
545 1690 602 1749 hoc
619 1689 679 1750 sum
691 1692 789 1750 animo
803 1711 813 1749 ι
825 1692 853 1750 si
861 1689 942 1752 lim-²

254 1786 301 1828 tus
331 1770 421 1831 ntabit
433 1790 481 1829 nte
495 1788 646 1850 quaternas
661 1773 832 1830 centesimas
851 1787 942 1852 opora¹

254 1851 295 1906 tui
318 1870 334 1910 e
349 1851 526 1920 decernere,
540 1853 592 1928 qui·
602 1853 630 1908 in
643 1867 704 1910 tota
715 1851 943 1928 provinciana-¹

253 1927 561 2007 guias'observarem,
589 1931 685 2008 itique
703 1929 874 2005 edixiffem,
889 1931 942 1992 id·

253 2027 309 2085 que
321 2012 407 2068 etiam
421 2010 610 2068 acerbissimis
627 2009 850 2071 foeneratoribus
865 2033 942 2092 pro·-

251 2089 383 2162 baretur;
401 2093 424 2148 si
442 2087 639 2168 praefeduram
652 2110 689 2149 ne
711 2093 830 2151 otiatori
845 2092 940 2153 dene·

254 2187 351 2250 garam
364 2188 519 2250 queretur,
541 2171 621 2249 quod
632 2190 686 2251 ego
728 2190 852 2250 orquato
867 2171 938 2233 nos-

253 2269 299 2309 tro
324 2253 353 2309 in
374 2268 426 2311 tuo
446 2250 539 2310 Lenio
559 2294 568 2323 ‚
588 2249 729 2329 Pompeio
750 2254 805 2330 ipsi
824 2255 854 2311 in
872 2251 940 2314 Ser.

255 2329 346 2390 Statio
367 2333 493 2413 negavi,
513 2331 545 2389 ὃ(
564 2333 597 2389 iis
616 2332 762 2408 probavi3
781 2333 805 2390 si
827 2336 939 2412 equitet

255 2410 394 2471 deductos
419 2408 538 2470 moleste
561 2409 635 2469 feret
655 2455 664 2483 ,
687 2414 831 2490 accipiam
848 2415 938 2493 equi-

254 2490 322 2550 dem
336 2492 487 2565 dolorem,
498 2491 568 2549 mihi
581 2490 660 2549 illum
673 2492 769 2564 irasci,
780 2490 831 2551 sed
843 2493 939 2552 multb

252 2569 417 2647 majorem,
439 2594 499 2630 non
520 2570 577 2631 effe
597 2590 664 2631 eunt
681 2571 798 2643 talem,
821 2573 936 2653 qualem

250 2650 400 2728 putaffem.
414 2651 489 2711 lllud
503 2652 620 2731 quidem
638 2650 771 2710 fatebitur
786 2650 936 2733 Scapdne,

249 2749 299 2788 me
323 2727 367 2807 jus
389 2731 531 2803 dicente,
560 2733 613 2789 sibi
639 2750 758 2790 omnent
779 2737 935 2811 pecuniam

253 2829 290 2871 ex
303 2808 397 2870 edicto
411 2831 478 2870 meo
493 2808 829 2891 auferendi·potestatem
846 2811 938 2874 fuiss'e.

255 2890 344 2951 Addo
367 2893 453 2950 etiam
474 2889 567 2961 illud,
586 2893 666 2969 quod
683 2912 789 2953 vereor
809 2893 862 2953 tibi
881 2895 936 2974 ipsi

256 2987 288 3031 ut
308 2971 451 3052 probem:
469 2968 621 3032 consistere
640 2971 721 3035 usura
741 2973 859 3050 debuit,
871 2993 935 3053 que
