2117 3984
91 427 155 479 AD
175 409 384 478 Arrrcvru
407 405 494 476 Lis.
512 406 584 478 III.
616 429 677 506 ¹45

88 543 185 586 rutum
197 541 227 583 te
245 525 344 585 videre
358 524 517 604 scripseras,
533 527 581 604 qui
595 525 681 584 nobis

88 605 153 666 fore
177 603 345 680 videretur,
364 625 432 665 eum
448 606 600 679 nuntiant,
629 607 680 685 qui

88 705 114 749 rt
134 729 146 760 ,
172 685 286 746 nullum
302 683 376 746 fore.
395 684 428 744 ln
450 686 567 745 tribunis
584 684 679 764 plebis

88 769 150 828 racis
169 765 278 846 reliqua
300 765 364 847 spes
382 764 448 838 est3
469 786 555 846 quam
577 769 600 823 si
625 785 679 826 ex-

88 869 139 922 ro,
160 849 313 919 nouerit,
329 846 408 927 qubd
427 864 509 925 putes
524 864 571 904 me
588 844 679 904 causae

97 948 133 988 ac
147 927 293 988 voluntati
303 947 435 988 meorum
445 923 572 988 defuiffe.
585 925 678 1004 Qubd

91 1009 129 1090 pe
148 1007 284 1081 accusas,
304 1029 354 1068 cur
371 1008 446 1066 hunc
462 1027 561 1068 meum
583 1005 680 1066 casum

89 1091 211 1172 graviter
238 1087 360 1162 seram,
390 1088 478 1148 debes
507 1086 678 1170 ignoscere,

96 1173 140 1230 ita
160 1188 210 1229 me
230 1166 364 1228 afflisium
385 1168 502 1240 videas,
523 1183 555 1227 ur
578 1171 678 1228 nemi-

89 1270 224 1331 smquam
248 1269 302 1309 nec
321 1249 446 1320 videris,
468 1269 522 1309 nec
544 1248 678 1308 audieris.

92 1329 180 1414 quud
206 1327 302 1389 scribis
323 1348 351 1390 te
377 1330 496 1402 audire,
518 1349 566 1389 me
590 1331 678 1388 etiarn

89 1428 211 1473 sertore
227 1430 264 1470 ex
283 1410 385 1470 dolore
402 1408 476 1469 affici
494 1428 504 1481 ·,
521 1409 591 1468 mihi
605 1411 680 1469 verb

92 1493 158 1554 inte
180 1512 212 1550 ra
236 1489 302 1564 est;
321 1507 407 1572 atque
430 1492 539 1549 utinam
561 1505 620 1549 tam
648 1491 679 1548 in

89 1573 119 1634 Ιο
186 1567 273 1643 iss'et,
298 1592 387 1653 quum
409 1590 465 1652 ego
486 1571 545 1642 iis,
575 1569 679 1651 quibus

100 1651 225 1714 salutem
243 1654 416 1712 carissimam
435 1648 490 1711 esse
503 1651 678 1722 arbitrabar,

89 1734 196 1794 issimis
221 1731 477 1813 crudelissimisque
501 1730 564 1790 usus
588 1731 673 1791 sum:

89 1831 111 1874 rt
126 1833 177 1874 me
194 1813 342 1894 paululum
359 1814 485 1872 inclinari
505 1815 611 1872 timore
632 1815 678 1870 vi-

89 1913 118 1968 t,
140 1897 183 1955 sic
202 1894 400 1974 impulerunt,
415 1911 446 1953 ur
458 1896 539 1952 omni
559 1892 608 1953 suo
622 1893 678 1951 sce-

89 1975 113 2035 ic
157 1972 259 2034 erfidii
287 1975 469 2035 abuterentur
495 1974 532 2032 ad
557 1975 677 2033 exitium

89 2089 105 2116 ι.
154 2076 231 2129 unc,
249 2058 386 2135 quoniam
404 2053 444 2115 est
461 2051 604 2132 Cyzicum
620 2076 676 2113 no-

90 2135 177 2196 udum
188 2181 199 2209 ,
211 2136 270 2216 qui)
287 2139 373 2195 rarius
392 2135 428 2193 ad
439 2154 486 2192 me
498 2133 599 2193 iitrerae
613 2153 678 2211 per-

90 2230 149 2292 rur,
174 2217 233 2276 hirc
258 2218 347 2276 velim
370 2213 535 2295 diligentius
557 2217 677 2284 omnia,

126 2299 194 2357 caris
215 2317 262 2357 me
286 2297 355 2358 scire
372 2316 446 2375 opus
468 2290 542 2360 effe,
560 2293 679 2373 perscri-

90 2317 118 2458 ς.
136 2375 255 2436 fratrem
274 2398 372 2436 meum
391 2376 436 2435 sac
458 2374 558 2455 diligas
575 2394 678 2453 :quem

90 2457 155 2517 riser
169 2460 193 2517 si
206 2458 384 2517 incolumem
399 2457 546 2534 relinquo,
558 2474 617 2514 non
630 2475 678 2515 me

90 2587 92 2596 .
108 2535 219 2620 periiss'e
238 2538 405 2598 arbitrabor.
420 2536 492 2596 Dat.
505 2534 584 2596 Non.
599 2535 678 2597 Sext.

96 2655 262 2719 Cretico
294 2657 460 2722 Asr1co
490 2658 575 2720 Sat.
