2117 3984
723 331 729 344 ,
800 299 826 336 Ι

252 498 319 560 'An
333 487 548 558 Arrrcuu
564 489 652 564 [ιι.
671 491 705 565 Ι.
776 513 823 594 35

149 618 228 670 rerer.
244 601 294 665 Te
309 604 434 665 mulurnr
451 626 583 667 amamus
597 651 608 681 ‚
622 607 702 687 quod
717 626 753 670 ea
769 609 825 672 abs

145 705 170 749 te
179 688 349 769 diligenter,
361 707 514 768 parvoque
527 706 624 749 curata
636 687 706 749 sunt.
724 688 826 769 Quoci.

140 769 170 836 td
183 788 231 829 rne
245 767 283 828 sae
306 787 323 828 e
335 766 469 847 scripsisti
482 769 521 828 de
536 767 633 830 nostro
646 773 739 829 amico
753 771 825 850 pla-¹¹

138 850 227 911 eundo
249 893 261 925 ‚
282 788 369 922 bei,
396 848 429 907 &
455 867 592 930 expertus
617 847 679 909 sum
701 854 823 912 omnia:

88 943 92 988 ἑ
136 930 185 992 red
207 929 371 990 mirandum
390 930 423 987 in
442 932 565 991 modum
586 927 628 991 est
644 933 745 992 animo
765 932 820 992 ab·

136 1013 279 1074 alienato:
310 1008 417 1090 quibus
444 1011 482 1072 de
505 1010 712 1093 suspicionibus
731 1055 747 1086 ,.
763 1015 823 1074 etsi

134 1090 236 1153 andill'e
253 1109 288 1153 te
303 1090 452 1165 arbitror,
469 1109 567 1152 tamen
587 1111 625 1154 ex
642 1113 690 1153 me
701 1113 824 1175 ,quum

133 1170 823 1336 uam

132 1332 323 1476 iffi
342 1332 822 1498 {slirili’nqi'bssui}

133 1495 171 1558 ast
187 1497 271 1556 illum
292 1491 352 1554 elle
371 1498 466 1556 minus
485 1497 664 1558 exorabilem
685 1541 698 1567 ,
716 1517 823 1556 meunt

131 1576 258 1637 studium
283 1595 337 1634 nec
363 1575 417 1635 tibi
441 1575 571 1637 defuille.
595 1575 754 1637 Tulliolam
779 1574 826 1638 C·

132 1657 254 1730 Pisoni,
274 1653 309 1714 L.
327 1652 387 1715 filio
398 1701 413 1731 s
429 1658 517 1740 Frugi
536 1656 769 1739 despondimus..
817 1683 821 1716 t

145 1769 151 1778 ’
230 1773 392 1843 Crcruo
434 1776 595 1842 Arrrco
637 1775 732 1838 Snn..

130 1861 820 1980 §.Cuneuseripeiiarionesnobistuicom·

131 2001 255 2124 lilii*
276 1976 821 2137 lllffiltm’lsslliffisslz

492 2104 507 2133 θ’

135 2142 264 2202 mensem
291 2142 460 2222 Quintilem
478 2137 575 2217 rejeffi
597 2138 702 2201 sumus.
729 2138 824 2200 Nunc·

139 2222 213 2283 verb
230 2222 349 2298 censeo,
370 2223 451 2304 quod
469 2220 628 2281 commodo
646 2238 698 2279 tuo
719 2220 824 2280 facere·

135 2305 268 2383 poteris,
286 2308 380 2365 uenias
398 2303 435 2362 ad
453 2302 484 2360 id
503 2319 638 2380 tempus,
656 2299 736 2377 quod
748 2299 817 2358 scri-

135 2386 198 2446 bis:
227 2386 339 2445 obieris.
355 2384 460 2463 Quinti
480 2381 575 2442 fratris
597 2381 715 2439 comitia
733 2400 747 2453 ;
763 2400 827 2439 noa

135 2465 222 2547 bngo
232 2466 388 2528 intervallo
402 2463 519 2537 viseris3
538 2461 732 2522 Acutilianam
744 2481 821 2520 con·

135 2551 303 2607 troversiarn
319 2545 509 2628 transegeris:
522 2543 580 2602 hoc
595 2562 642 2602 me
657 2544 745 2603 etiam
760 2540 824 2603 Pe·

137 2627 235 2688 luceus
249 2673 267 2703 ,
280 2644 315 2688 ut
336 2628 375 2687 ad
391 2644 422 2687 te
442 2625 594 2685 scriberem
610 2667 625 2697 ,
639 2624 790 2684 admonuit
805 2644 822 2685 τ

137 2728 265 2796 putamus
290 2711 372 2768 anim
399 2708 470 2767 utile
492 2704 549 2768 effe
571 2751 583 2780 ‚
604 2722 634 2764 te
662 2706 819 2786 aliquando

137 2809 187 2865 Jam
208 2811 274 2851 rem
294 2791 474 2870 transigere:
490 2808 556 2848 mea
575 2788 741 2847 intercessio
762 2808 824 2865 pa·

137 2890 187 2930 rata
208 2871 247 2931 δι’
263 2868 341 2945 est,
368 2870 405 2929 &
421 2868 484 2929 fuit.
508 2869 573 2929 Nos
591 2867 638 2927 hic
656 2866 825 2927 incredibili.

137 2970 163 3009 tc
186 2953 329 3034 singulari
349 2951 452 3032 populi
469 2952 618 3011 voluntate
638 2949 675 3009 de
694 2947 732 3008 C.
751 2946 821 3005 Ma·

138 3050 184 3095 to
199 3031 433 3114 transegimus
450 3034 499 3093 cui
514 3051 605 3113 quum
625 3024 827 3169 aegui'fuille*

677 3126 729 3186 ·V]¹
