2117 3984
294 488 359 550 'An
378 479 581 550 Arrrcvn
599 482 687 552 Lra.
705 484 766 556 VI.
800 485 866 580 283

189 593 363 658 rutulittetae
370 615 419 657 tue
433 594 470 656 ad
477 597 656 678 triumphum
670 615 794 674 vocant,
804 620 869 661 rent

191 676 333 751 anobis,
359 693 393 737 ut
411 695 469 759 ego
492 678 635 752 arbitror,
656 697 773 758 propter
793 680 868 742 hanc

189 759 384 828 unsverain
402 755 551 831 nostram,
571 778 632 818 non
649 759 867 840 negligendam:

188 851 271 916 quare
288 850 322 896 tu
350 856 489 919 quoquo,
514 841 554 896 mi
579 838 702 912 Attice,
721 842 816 919 incipe
837 840 868 900 id

188 932 321 994 cupere,
353 918 414 997 qui>
443 939 497 979 nos
524 920 619 980 minius
649 922 741 1000 inepti
767 920 871 981 videa-

185 1011 261 1056 mur.

293 1111 456 1178 thano
483 1116 647 1181 Attico
676 1117 758 1180 Sar..

187 1195 372 1320 &Quum
398 1234 572 1298 instituissem
601 1239 639 1298 ad
668 1253 698 1297 te
726 1236 869 1310 scribere,

186 1315 384 1398 calamumque
395 1313 593 1396 sumpsissem,
612 1317 750 1377 Batonius
765 1337 780 1377 e
799 1321 867 1378 navi

188 1393 257 1456 ruffi
275 1397 316 1456 ed
346 1415 396 1456 me
420 1399 504 1457 venit
532 1399 653 1458 domum
678 1396 805 1468 Eheu,
834 1399 867 1456 δι

190 1473 333 1554 epistolam
352 1491 434 1536 tuam
451 1477 577 1537 reddidit
598 1477 673 1557 prid.
719 1478 756 1537 al.
770 1475 870 1536 otto·

191 1554 260 1616 brer.
282 1555 411 1616 Laetatus
433 1555 494 1615 sum
522 1556 658 1617 felicitate
678 1558 871 1638 navigationis

186 1651 259 1710 tute,
275 1638 498 1718 opportunitate
520 1636 620 1710 Pilia,
640 1638 727 1697 etiam
749 1636 870 1696 meher-

187 1715 249 1780 tue-
259 1715 395 1778 sermone
408 1713 537 1795 ejusdem
554 1718 591 1778 de
610 1715 746 1799 conjugio
763 1715 869 1775 Tullia

186 1809 264 1856 utere.
284 1795 425 1856 Batonius
446 1813 543 1856 autern
568 1799 657 1857 miros
679 1815 803 1857 terrores
828 1797 865 1870 ad

185 1893 229 1936 rue
241 1876 340 1936 attulit
362 1873 538 1936 caesarianos
553 1898 560 1935 ι
578 1897 645 1937 curn
664 1876 757 1957 Lepta
780 1879 868 1937 etiarn

187 1955 262 2092 plura
282 1955 399 2016 locutus
416 1953 480 2028 est;
496 1955 580 2035 spero
602 1954 693 2029 falsa,
710 1956 760 2017 sed
789 1959 867 2016 terte

147 2099 152 2107 ,
204 2035 330 2112 orribilia
346 2056 354 2094 t
368 2037 526 2095 exercitum
538 2038 617 2095 nullo
631 2036 723 2094 modo
734 2037 867 2096 dimissu-

188 2131 246 2188 rum
256 2135 264 2173 ε
276 2134 347 2173 cum
368 2115 418 2173 illo
439 2132 577 2194 praetores
595 2114 760 2193 designatos
772 2157 781 2185 ‚
793 2114 868 2174 Cas-

189 2193 256 2252 siuut
272 2194 422 2254 tribunum
446 2194 566 2274 plebis,
589 2193 744 2254 Lentulum
764 2193 871 2253 consu-

187 2269 241 2332 lent
260 2272 358 2334 facere
371 2295 379 2332 t
392 2272 534 2353 Pompeio
547 2276 576 2333 in
587 2276 684 2333 animo
698 2272 754 2333 esse
768 2273 869 2333 urbem

185 2353 357 2435 relinquere.
377 2352 437 2413 Sed
454 2352 525 2413 heus
543 2369 600 2427 tu,
620 2374 689 2412 nutn
707 2352 776 2434 quid
798 2374 868 2412 rno-

186 2431 254 2492 leste
281 2433 336 2494 iens
358 2432 396 2493 de
418 2433 490 2507 illo,
510 2436 558 2571 pui
582 2434 611 2494 se
630 2433 702 2493 solet
725 2432 869 2494 anteferre

186 2531 289 2591 patruo
310 2513 418 2574 sororis
436 2531 491 2572 tuae

533 2513 562 2571 lii
578 2514 588 2573 ἓ
604 2530 633 2573 at
651 2535 667 2572 a
684 2514 785 2593 quibus
803 2517 869 2575 vic-

186 2609 228 2652 tus
241 2593 255 2653 i
270 2593 321 2654 sed
335 2593 373 2652 ad
392 2612 465 2652 rent.
476 2591 539 2651 Nos
551 2591 653 2654 Etesiae
671 2594 869 2656 vehementis·

186 2671 253 2733 sime
273 2673 422 2734 tardarunt
449 2693 457 2731 ι
486 2673 607 2733 detraxit
634 2692 680 2734 xx
705 2676 781 2815 ipsos
806 2677 868 2737 dies

728 2800 736 2817 .
756 2756 869 2817 Ottob.

185 2829 297 2912 Epheso
316 2832 544 2894 conscendentes
564 2835 636 2894 hanc
657 2835 806 2915 epistolam
818 2837 869 2894 de-

185 2911 277 2973 dimus
297 2913 332 2988 L.
347 2912 522 2993 Tarquitio,
538 2916 623 2974 simul
639 2936 655 2975 e
679 2934 765 2993 portu
781 2933 868 2992 egre-

184 2991 273 3056 denti
285 3038 295 3070 ‚
306 2993 357 3058 sed
370 2993 530 3076 expeditius
542 2998 697 3079 naviganti.
710 2995 772 3057 Nos
783 2991 868 3067 Rho

185 2756 268 2814 etiam
286 2751 438 2834 aphsadius
460 2751 652 2815 Rhodiorum.
671 2754 715 2812 Ka
