2117 3984
200 475 268 570 388
377 475 677 543 EPISTOLAE

195 609 252 671 que
269 592 424 650 certiorem
434 610 481 650 me
492 588 533 648 sui
545 587 656 647 consilii
665 584 755 661 fecit,
769 587 793 647 is
803 606 868 668 que·

182 686 271 730 retur
288 667 473 730 Brundisium
490 688 539 729 me
559 689 618 727 non
638 665 771 739 venisse,
788 687 870 747 quum

192 750 323 809 interme
334 750 366 809 &
377 750 559 809 Brundisium
567 745 663 807 Caesar
672 744 760 807 elletl
773 747 872 809 deinde

181 830 282 890 ¹etiarn
292 828 342 910 scit
353 831 541 911 ἑπαῤῥησίιςιν
550 824 606 888 elle
620 829 649 885 in
667 847 702 886 ea
713 827 797 887 causa
806 848 874 908 que·

191 909 285 968 relam
302 908 379 968 suam
398 928 407 981 ;
425 928 474 967 me
483 924 576 1045 putat
594 907 631 967 de
651 909 873 987 municipiorum

186 988 413 1060 imbecillitate,
432 988 470 1046 de
503 986 658 1059 eleffibus‚
680 986 718 1047 de
736 988 877 1067 pace,de

192 1067 288 1142 urbe,
307 1068 344 1129 de
361 1069 504 1147 pecunia,
525 1067 562 1128 de
579 1064 687 1127 Piceno
706 1068 876 1148 occupando

180 1148 259 1230 ‚plus
276 1146 395 1219 vidiffe,
413 1145 549 1227 quamse.
561 1146 611 1207 Sin
627 1168 717 1227 quum
735 1166 875 1227 potuero,

182 1246 254 1287 non
271 1247 401 1301 venero,
417 1246 479 1287 tum
497 1230 551 1287 erit
564 1229 695 1287 inimicus
706 1250 714 1287 ι
727 1229 810 1309 quod
822 1249 874 1309 ego

191 1327 253 1367 non
273 1309 311 1368 ela
337 1327 470 1382 vereor,
490 1327 528 1380 ne
555 1307 627 1367 mihi
650 1325 758 1369 noceat
781 1307 878 1391 (quid

182 1389 275 1450 enim
293 1387 404 1450 faciet?

185 1489 189 1498 Ι
231 1510 277 1576 ‘rlr
287 1507 309 1568 δ’
317 1510 356 1574 'lfa
366 1506 471 1578 ἷέλὼι,
488 1512 522 1568 τέ
530 1510 618 1571 larris
627 1504 748 1585 alveum
758 1509 791 1571 ὅν
798 1506 831 1592 ι)

183 1623 323 1705 ·serl'quia
332 1625 437 1705 ingrati
447 1624 534 1683 animi
542 1624 650 1683 crimen
660 1622 780 1683 horreo.
789 1622 881 1684 Con-

182 1703 256 1763 ‚fido
270 1706 356 1784 igitur
374 1704 530 1763 adventum
549 1701 674 1761 nostrum
686 1704 746 1776 illi,
757 1724 880 1786 quoquo

192 1801 326 1862 tempore
346 1782 450 1856 fuerit,
471 1800 502 1841 ut
514 1782 633 1856 scribis,
650 1788 784 1859 ὶσμέιιςιι
804 1784 880 1845 fore:

192 1862 272 1922 Nam
287 1862 367 1943 quod
383 1865 444 1934 ais,
465 1866 489 1921 si
509 1863 555 1919 hic
572 1864 780 1942 temperantius
801 1883 878 1945 ege-

180 1943 252 2015 rit,
270 1940 476 2001 consideratius
495 1942 648 2001 consilium
664 1960 692 2002 te
716 1941 847 2001 daturum
865 1964 876 2017 3

192 2020 243 2103 qul
263 2021 309 2082 hic
330 2020 423 2102 potest
439 2021 466 2081 se
480 2042 583 2160 perere
605 2044 665 2082 non
684 2022 877 2102 perditelvi-

183 2120 222 2163 ta
231 2147 242 2174 ,
260 2123 378 2177 mores,
396 2104 461 2163 ante
492 2102 574 2174 alla,
592 2105 665 2162 ratio
684 2101 804 2183 suscepti
820 2123 877 2164 ne·

194 2184 287 2264 gorii,
304 2182 395 2256 socii,
421 2185 497 2243 vires
515 2183 660 2242 bonorum
679 2227 689 2256 ‚
716 2200 765 2242 aut
788 2185 889 2243 eriam

193 2261 360 2324 constantia.
380 2264 440 2323 Vix
459 2262 687 2342 dum'epistolatn
701 2264 818 2325 tuamle
838 2283 874 2323 e·

192 2364 275 2416 ram,
294 2364 383 2424 quum
395 2344 432 2403 ad
444 2364 491 2403 me
507 2362 622 2404 currens
638 2342 675 2402 ad
685 2342 767 2402 illum
778 2341 818 2405 Po
861 2376 874 2389 ·

194 2444 259 2483 mus
279 2422 394 2483 Curtius
414 2427 518 2497 venit,
539 2423 609 2482 nihil
625 2426 680 2483 nisi
705 2422 802 2484 claffes
824 2423 877 2484 lo·

194 2524 285 2583 quens
304 2505 336 2563 &
357 2506 519 2564 exercitus:
534 2504 674 2583 eripiebat
692 2502 841 2582 Hispanias
861 2523 870 2561 r

193 2582 312 2643 tenebat
333 2584 454 2656 Asiam,
471 2585 612 2657 Siciliam,
633 2584 782 2655 Africam,
800 2580 873 2641 Sar-

194 2662 300 2723 diniam
316 2681 323 2718 :
340 2664 489 2723 confestim
501 2667 531 2721 in
551 2662 695 2722 Graeciam
715 2661 876 2743 perseque-

193 2743 285 2805 batur.
297 2740 431 2803 Eundum
447 2746 533 2823 igitur
549 2742 607 2816 est,
627 2759 754 2803 nectam
765 2761 798 2803 ut
808 2742 877 2802 bel-

192 2825 235 2897 li,
257 2822 343 2904 qulam
362 2839 394 2881 ut
411 2822 486 2908 fugae
502 2822 570 2882 socii
590 2827 677 2884 simus
694 2845 703 2882 ε
718 2844 778 2883 vnec
797 2824 879 2883 enim

192 2905 269 2965 ferre
283 2920 386 2985 potero
399 2902 544 2964 sermones
556 2902 688 2978 istorum,
699 2906 878 2985 quicumque

193 2984 256 3048 sunt
274 2982 435 3050 :nun-sunt
452 2986 531 3048 enirn
552 2985 650 3066 certe,
667 3001 700 3049 ut
720 2985 879 3067 appellan-
