2117 3984
218 439 285 508 116
406 433 705 502 Eursroza

212 550 368 613 declinatio
387 548 585 629 periculissed
604 568 662 630 ego
678 546 736 606 hoc
754 567 832 608 nunc

213 631 313 714 pudio.
339 629 423 709 Quid
445 650 516 711 ergo
538 626 608 690 est?
637 648 765 768 pugnare
793 630 843 688 ma'

214 711 285 771 nihil
305 727 404 770 tamen
426 712 505 771 certi.
537 709 646 770 lterum
689 711 763 782 'co‚
788 711 843 768 utic

213 790 344 852 adessesl
367 789 426 851 Sed
448 794 569 862 tamem,
592 787 615 847 si
632 790 687 847 erit
705 786 841 864 necesse,

215 870 363 933 cessemus.
383 868 468 949 Quid
484 867 584 929 aliud?
604 868 693 948 quid?
709 868 767 928 hoc
785 868 843 949 opis

215 950 299 1014 Certi
326 951 419 1012 sumus
443 946 544 1031 perisse
572 950 681 1008 omnia.
710 946 798 1026 Quid
820 967 843 1010 er

213 1037 371 1111 ἇκιιζόμιθα
394 1030 527 1090 tamdiu?
547 1027 606 1089 Sed
622 1029 683 1088 haec
708 1028 808 1109 scripsi
830 1051 843 1111 p

215 1131 340 1192 perans,
358 1110 391 1171 δι
405 1110 571 1171 mehercule
590 1109 706 1169 timide:
726 1108 843 1189 posthac

214 1209 264 1263 te,
280 1208 348 1265 aut,
368 1193 392 1250 si
411 1190 582 1270 perfidelem
598 1188 735 1263 habebo,
749 1192 798 1249 cui
813 1190 843 1251 de

214 1269 335 1331 scribam
367 1271 454 1351 plani
484 1272 605 1341 omnia;
636 1287 710 1342 aut,
733 1271 758 1329 si
781 1269 843 1330 obss

215 1350 361 1424 scribam,
380 1369 412 1411 tu
430 1370 527 1412 tamen
544 1349 697 1431 intelliges.
717 1347 753 1408 ln
773 1352 808 1410 iis
826 1369 842 1412 e

215 1432 283 1493 solis
301 1451 349 1491 me
368 1431 507 1506 Laelium,
527 1449 558 1491 ce
571 1430 688 1490 Furium
706 1426 832 1491 faciam:

217 1530 279 1574 teca
297 1531 380 1574 erum
398 1517 422 1575 ir
442 1513 571 1589 alvaspoir.
582 1509 639 1569 Hic
663 1508 842 1571 Caeciliumr

218 1614 283 1653 mus
305 1638 314 1663 ‚
343 1593 376 1653 δι
407 1590 590 1652 observamus
616 1590 778 1671 diligenter.
805 1589 842 1652 E<

128 1720 133 1728 .
217 1672 310 1732 Bibuli
334 1672 420 1731 audio
445 1670 481 1729 ad
503 1686 533 1731 te
557 1668 655 1729 missa:
680 1672 714 1730 iis
737 1670 821 1733 ardet

216 1752 303 1825 lore,
323 1752 356 1812 &
375 1752 417 1810 iris
431 1748 527 1810 noster
553 1749 719 1830 Pompeius.

326 1866 487 1928 Crcsno
516 1866 685 1930 Arrrco
713 1865 803 1927 Sir..

215 1949 478 2048 noAurcnro
501 2033 510 2062 ‚
540 2003 574 2047 ut
590 2004 619 2047 te
641 1986 719 2047 velle
741 1985 842 2048 intelle

214 2083 295 2139 ram,
314 2067 393 2127 nullo
410 2067 477 2127 loco
495 2066 585 2128 defui.
604 2063 785 2127 Numestium
801 2087 838 2128 ex

216 2146 284 2204 teris
300 2150 356 2206 tuis
376 2146 501 2209 studiose
519 2148 628 2227 scriptis
647 2147 770 2207 libenter
785 2150 842 2208 ina

218 2226 315 2285 citiam
337 2232 446 2309 recepi.
478 2227 656 2301 Caecilium,
689 2228 792 2308 quibus
817 2247 842 2289 rs

222 2306 357 2386 possum,
379 2327 465 2369 tueor
483 2311 643 2391 diligenter.
662 2306 756 2366 Varro
773 2305 841 2368 satis

223 2388 318 2447 nobis.
345 2387 501 2466 Pompeius
517 2406 593 2448 amat
609 2410 685 2459 nos,
701 2387 784 2447 caros
799 2407 839 2448 ue-

222 2465 284 2525 het.
298 2465 424 2527 Credis?
440 2471 562 2548 inquies.
575 2467 674 2529 Credo
687 2487 694 2524 ε
710 2408 823 2545 prorsus
836 2488 841 2526 1

220 2545 382 2623 persuadet.
403 2546 462 2607 Sed
486 2550 572 2627 quia,
593 2566 625 2607 ut
643 2546 754 2618 video,
775 2567 841 2630 prag

223 2625 273 2682 tici
297 2623 434 2687 homines
453 2628 587 2687 omnibus
611 2626 749 2687 historicis
772 2647 841 2707 praer

222 2704 280 2778 tis,
303 2706 433 2765 versibus
453 2707 579 2787 denique
601 2727 703 2767 cavere
724 2703 827 2784 jubent

219 2799 320 2845 vetant
349 2786 494 2860 credere3
524 2789 645 2847 alterum
671 2787 772 2861 facio,
799 2804 832 2847 ut

220 2884 326 2939 veam3
343 2866 484 2939 alterum,
504 2886 536 2927 ut
554 2888 614 2926 non
637 2869 752 2928 credam
770 2912 779 2940 ‚
807 2867 841 2926 sa·

219 2964 279 3009 non
297 2945 419 3031 pullum.
442 2946 564 3009 Clodius
581 2949 674 3011 adhuc
693 2949 763 3010 mihi
784 2948 841 3011 den
