2117 3984
90 279 108 400 i

247 519 250 525 ·
325 493 615 561 Arrrcvs.
779 519 820 586 ¹9

136 624 224 667 torum
239 626 306 667 non
329 628 379 665 arn
402 606 455 665 liirs
471 627 559 686 quarn
578 609 721 688 quaternis
732 653 743 683 ,
754 614 820 690 qni·

133 686 200 748 risve
218 685 356 748 versibus
376 628 576 767 iescripsetit:
592 689 672 769 quod
688 691 737 750 vix
751 712 819 753 cte-

132 767 256 828 (lendum
273 766 338 840 lit,
357 784 452 828 tantas
471 788 520 828 res
542 770 736 831 tambreviter
757 793 817 851 po-

132 847 208 910 tuisse
237 849 390 909 declarari.
420 846 470 908 Est
499 852 587 909 etiarn
615 849 689 910 liber
714 849 817 912 Graece

130 926 305 1003 conseslus,
321 929 360 989 de
381 928 533 992 consulatu
551 929 716 992 Ciceronis.
735 931 816 996 Hac·

130 1025 239 1149 penus,
258 1009 367 1073 Attico
385 1013 488 1085 vivo,
511 1011 589 1072 edita
612 1012 672 1071 haec
694 1034 711 1072 a
731 1015 816 1074 uobis

140 1109 201 1152 ttnt.

89 1181 91 1190 '
166 1169 254 1233 xlx.
273 1170 382 1245 Nunc,
402 1174 541 1253 quoniam
558 1171 675 1232 fortuna
694 1194 748 1233 nos
767 1172 816 1233 su-

130 1249 258 1331 perstites
274 1255 306 1313 ei
331 1251 390 1313 elle
409 1253 522 1325 voluit,
537 1254 646 1332 reliqua
665 1253 816 1334 perseque-

128 1351 220 1407 tottr;
246 1334 310 1406 &,
335 1352 476 1413 qnantum
502 1336 663 1413 poterimus
686 1377 696 1407 ,
718 1353 815 1394 rerunt

130 1414 270 1495 exentplis
289 1413 416 1474 leflores
435 1413 625 1486 docebimus,
644 1412 714 1473 stcut
733 1414 817 1493 suprit

129 1489 371 1575 fignificavirnus,
384 1498 458 1555 Suos
477 1498 574 1574 cuique
591 1516 676 1553 mortes
690 1494 816 1573 plerum-

129 1595 179 1651 que
198 1576 347 1635 concilim
356 1572 509 1655 surranum.
532 1574 667 1655 Namque
679 1574 724 1633 hic
742 1593 816 1632 con·

129 1669 230 1714 tentus
255 1654 356 1717 ordine
373 1655 518 1737 equestri,
545 1676 604 1735 quo
627 1672 688 1715 erat
713 1673 815 1729 ortus,

129 1733 159 1793 in
176 1733 346 1796 affinitatem
368 1737 504 1817 pervenit
527 1734 713 1816 Imperatoris
740 1733 813 1795 Divi

128 1813 193 1876 sulii
212 1815 284 1888 filii,
307 1837 397 1899 quum
422 1816 482 1894 jam
499 1834 565 1877 ante
590 1816 812 1877 familiaritatem

129 1894 189 1974 ejus
220 1896 294 1957 esset
322 1897 492 1956 consecutus
515 1940 524 1969 ,
553 1898 631 1956 nulli
664 1896 719 1955 alia
748 1915 813 1969 re,

128 1978 214 2057 quim
234 1978 383 2059 elegantia
403 1980 469 2036 vitae
485 2022 494 2050 ,
511 1978 568 2056 qual
590 1995 704 2037 ceteros
723 1997 814 2056 cepe·

130 2076 171 2118 tat
188 2061 337 2138 principes
354 2059 494 2129 civitatis,
509 2058 647 2137 dignitate
658 2058 737 2136 pari,
748 2056 813 2115 sor-

131 2139 203 2197 tuna
224 2138 386 2198 humiliore.
415 2136 511 2198 Tanta
539 2140 618 2198 enim
643 2136 814 2217 prosperitas

136 2214 279 2278 cesarem
303 2217 342 2279 est
360 2219 535 2288 consecuta,
558 2235 590 2274 ut
616 2218 686 2274 nihil
708 2219 735 2275 ei
753 2239 815 2276 non

130 2298 263 2359 tiboerr't
278 2297 413 2371 fortuna,
432 2299 513 2379 qnod
530 2299 663 2375 cuiquam
679 2295 744 2352 ante
762 2296 816 2355 de-

129 2380 221 2440 tulerit
239 2401 249 2453 ;
276 2381 310 2442 &
331 2380 519 2452 conciliarit,
539 2377 620 2459 quod
645 2395 734 2435 nemo
759 2376 815 2434 acl·

130 2459 178 2521 lutc
199 2464 274 2521 civis
294 2459 448 2520 Romanus
462 2460 554 2539 quivit
574 2456 719 2537 consequi.
737 2454 814 2516 Nata

132 2561 219 2604 autern
234 2540 278 2603 est
303 2541 408 2602 Attico
428 2542 524 2620 neptis
540 2558 575 2597 ex
596 2538 746 2621 Agrippa,
767 2540 812 2597 cui

134 2625 266 2719 riaginent
288 2620 380 2762 silliatn
399 2616 814 2763 cprllpparatbplpqcoCffgap),

91 2727 95 2754 ¹-
136 2723 169 2763 ru
190 2723 365 2764 annrcuant
448 2725 456 2760 t
498 2723 541 2760 rto
602 2723 617 2759 a
659 2722 667 2758 t
766 2722 778 2759 r

92 2773 97 2836 i
137 2785 171 2860 oi,
187 2783 322 2845 Dtttstlls
334 2746 405 2846 naso
417 2828 426 2854 ,
439 2768 573 2863 privigno
592 2780 662 2853 suo,
689 2779 814 2863 despon-

94 2849 100 2908 l
136 2865 188 2926 lit:
208 2887 277 2945 quae
297 2862 467 2941 conjunsiio
494 2860 728 2923 necessitudinem
754 2882 812 2922 eo·

136 2963 184 3007 turn
205 2946 328 3016 sanxit,
349 2945 572 3008 familiaritatem
597 2942 722 3006 reddidit
751 2940 811 3004 ste·

98 3037 103 3070 ⁸
139 3031 325 3109 peritiorem.
