2117 3984
176 277 334 385 5‘5‘1'23
370 276 1372 398 ἓξὲξ-ἵζ’ῃῗιιῖἕῗῖξιῗοῖἐζξᾞέῗ

208 403 453 486 semper
480 405 543 462 in
582 403 750 464 laude
778 404 1031 466 versatus
1058 453 1077 480 ‚
1114 410 1370 469 circum-

214 485 415 568 gloria
438 529 457 556 ,
498 483 851 546 deformatus
895 507 1141 567 corpore
1169 534 1188 562 ,
1215 487 1370 550 frac-

176 567 323 627 iimo
353 609 377 640 ‚
416 566 540 660 (χρὴ
574 564 632 625 se
674 565 930 627 conferat
964 567 1178 630 nescit:
1217 592 1366 649 pro-

177 663 662 800 tatem:
693 645 1179 788 affimat

180 829 207 868 s
246 807 413 888 ipsos
436 851 457 882 ,
498 827 619 866 non
655 811 891 868 amicos.
931 808 1021 867 Ac
1052 809 1192 868 vide
1225 809 1379 870 mol-

212 889 405 950 animi
434 908 451 947 ε
491 908 613 947 non
653 891 810 948 tenui
845 889 1106 949 lacrimas
1136 934 1155 962 ,
1191 909 1373 970 quum

190 987 333 1032 ante
374 986 511 1028 vm
550 967 683 1028 Kal.
727 967 887 1029 Sext.
928 969 1051 1030 vidi
1094 969 1168 1029 de
1203 971 1372 1031 edic-

177 1049 303 1112 buli
340 1051 795 1109 concionantem
815 1094 834 1123 ,
879 1051 977 1130 qui
1015 1068 1184 1111 antea
1223 1051 1371 1112 soli-

177 1129 267 1194 set
298 1128 514 1210 iastare
556 1128 613 1190 se
656 1128 1220 1212 magnificentissime
1270 1133 1372 1193 illo

177 1211 519 1287 :tn-summo
553 1231 685 1270 cum
711 1231 908 1272 amore
941 1212 1175 1292 populi,
1203 1234 1377 1272 cunc·

177 1293 475 1356 sentibus.
536 1289 625 1351 Ut
664 1292 759 1352 ille
805 1309 929 1351 tum
981 1293 1210 1353 humilis
1243 1336 1263 1365 ,
1310 1311 1375 1353 ut

177 1371 277 1434 ssus
318 1391 447 1435 erat
486 1372 506 1432 l
562 1387 629 1431 ut
669 1371 787 1454 ipse
825 1375 1001 1432 etiam
1038 1373 1146 1431 sibi
1181 1417 1200 1445 ,
1254 1392 1378 1433 non

177 1451 307 1512 Μ
334 1499 355 1528 ,
410 1455 513 1536 qui
552 1453 792 1512 aderant
827 1498 847 1526 ‚
890 1451 1265 1531 displicebat!
1312 1450 1376 1511 O

177 1533 393 1596 &culum
428 1535 533 1593 uni
575 1531 773 1594 Crasso
812 1529 1130 1610 jucundum
1161 1577 1178 1602 ‚
1214 1549 1388 1592 cete-

177 1637 251 1678 on
296 1617 450 1676 item
492 1614 511 1674 1
567 1612 757 1688 Nam,
800 1614 936 1693 quia
979 1611 1275 1672 deciderat
1311 1632 1388 1673 ex

192 1741 215 1772 ,
260 1693 458 1778 lapsus
499 1739 519 1769 ,
568 1693 741 1775 quam
788 1691 1148 1775 progressus,
1189 1695 1388 1773 potiius

179 1793 347 1838 atur:
386 1775 453 1836 &
474 1819 495 1847 ,
530 1792 595 1833 ut
630 1777 685 1834 A
732 1772 873 1834 elles
899 1818 917 1846 ‚
956 1775 1003 1833 si
1036 1771 1337 1834 Venerem
1362 1817 1385 1848 ,

179 1861 209 1920 i·
258 1855 637 1938 Protogenes
690 1795 952 1935 §alysnm
1006 1853 1169 1913 illum
1222 1853 1388 1914 suum

216 1937 479 2022 oblitum
508 1934 778 2021 videret,
816 1954 1127 2021 magnnm,
1166 1936 1383 2021 credo,
