2117 3984
250 459 314 510 AD
335 442 547 508 Aratcvnt
568 438 653 509 Ltn.
678 437 708 507 1.
773 459 820 535 49

149 557 213 631 lum,
231 555 453 627 Hortensium,
475 551 514 612 C.
533 553 685 629 Pisonem,
702 554 824 618 Meffol-

145 639 190 698 iam
208 634 363 697 consulem
380 634 593 694 contumeliose
613 636 754 709 laedebat3
774 657 823 697 me

142 719 241 778 tantdm
278 713 455 852 comXetiffe
485 717 584 774 omnia
614 715 822 778 criminabatur.

140 797 252 860 Senatus
283 795 318 856 ὃ(
367 814 384 854 e
405 795 565 874 provinciis
588 817 762 872 ptaetotum,
791 801 823 858 δι

140 879 171 940 de
192 879 219 939 le
240 873 414 947 ationibus,
435 873 469 933 ὅ(
489 874 526 934 de
545 878 647 935 ceteris
668 877 751 936 rebus
768 877 823 938 de·

139 899 285 1030 cernefiat,
298 975 332 1014 ut
344 955 431 1025 ante,
445 953 534 1034 quim
548 959 659 1036 rogatio
672 957 729 1015 lata
744 955 826 1030 effer,

138 1060 172 1100 ne
193 1037 261 1120 quid
285 1052 436 1118 ageretur.
464 1033 565 1094 Habes
586 1056 630 1096 tes
651 1036 825 1096 Romanas:

138 1119 181 1196 kd
199 1136 303 1180 tamen
324 1115 417 1176 etiam
436 1112 530 1182 illud,
550 1117 627 1194 quod
646 1137 705 1177 non
725 1115 824 1194 spera-

137 1221 214 1274 tam,
236 1195 322 1258 audi.
347 1192 481 1254 Messalla
501 1195 598 1254 consul
619 1195 658 1255 est
676 1199 825 1278 egregius,

89 1281 92 1330 ἵ
136 1279 234 1352 fortis,
254 1271 420 1347 constans,
446 1272 588 1354 diligens,
614 1273 700 1336 nostri
720 1277 824 1336 lauda-

138 1373 351 1434 tot,amatot‚
366 1355 510 1413 imitator:
527 1355 574 1414 ille
592 1357 663 1416 alter
675 1378 734 1416 uno
751 1360 825 1417 virio

137 1441 225 1500 nium
244 1432 391 1506 vitiosus3
413 1433 494 1512 quod
513 1434 610 1506 iners,
631 1438 709 1516 quod
730 1437 825 1496 somni

139 1521 256 1600 plenus,
320 1515 364 1574 od
385 1515 556 1592 impetitus,
578 1518 657 1594 qnod
681 1519 825 1590 ἁπμιτέ-

138 1603 242 1670 τιΊθι,
252 1595 282 1656 ie
312 1595 468 1658 voluntate
482 1597 520 1652 ira
534 1595 679 1668 nezinios,
691 1613 722 1654 ut
737 1593 825 1654 Pom-

164 1679 241 1736 eiutn
263 1673 324 1754 post
341 1675 423 1734 illam
443 1677 639 1747 concionem,
656 1677 712 1755 qud
734 1675 769 1734 ab
788 1697 826 1738 eo

142 1697 250 1818 fenam
268 1755 400 1815 laudatus
425 1751 486 1825 est,
507 1751 594 1814 odisse
615 1757 751 1835 coeperit:
770 1759 824 1817 ita-

142 1857 195 1918 que
211 1838 318 1896 mitum
333 1837 365 1894 in
382 1833 504 1893 modum
525 1853 627 1894 omnes
647 1836 708 1896 ase
728 1837 823 1896 bonos

140 1919 291 1978 alienavit:
309 1935 406 1996 neque
427 1914 457 1972 id
473 1916 564 1994 tnagis
582 1917 706 1975 amicitiai
723 1915 822 1977 Clodii

141 1997 274 2058 addueius
298 1994 397 2067 facit,
421 1991 507 2073 quim
533 1992 624 2054 studio
647 1997 823 2074 perditarum

139 2099 254 2150 tetum,
268 2095 358 2157 atque
371 2077 512 2156 patrium:
527 2073 575 2133 sed
591 2075 676 2136 habet
691 2077 731 2135 sni
746 2080 825 2136 simi·

140 2157 199 2217 lem
210 2161 241 2218 in
254 2154 460 2236 magistratibus
476 2157 635 2214 neminem:
647 2175 749 2236 prater
764 2157 837 2230 Fu·¹

143 2235 236 2311 fiunt,
253 2235 337 2296 bonis
352 2239 457 2294 utimur
473 2233 592 2292 tribunis
610 2237 722 2312 plebis,
745 2235 823 2294 Cot-

142 2335 212 2377 nuto
231 2317 304 2375 vetb
319 2311 578 2396 pseudo-Catone.
597 2314 680 2390 Quid
700 2316 821 2394 quaeris?

144 2395 224 2458 Nunc
244 2415 276 2456 ur
293 2397 330 2457 ad
347 2399 458 2475 privata
472 2394 611 2468 redeam,
630 2402 735 2472 Τεῦιςις
751 2416 822 2474 pro-

90 2537 95 2549 ,
144 2476 214 2537 miffa
260 2477 390 2538 artavit:
410 2493 441 2535 tu
466 2474 599 2532 mandata
622 2471 728 2546 effice,
756 2496 820 2554 qnae

144 2577 202 2618 tete
225 2560 231 2571 '
256 2561 277 2618 i.
307 2555 439 2634 Quintus
463 2551 571 2625 frater,
593 2555 640 2633 qui
659 2551 820 2633 Argiletani

145 2639 189 2698 aed'
212 2641 248 2698 cii
277 2638 330 2697 teli
353 2656 420 2695 uum
453 2632 624 2692 dodrantem
653 2638 721 2692 emit
749 2637 818 2701 H·S

145 2735 276 2780 uccxxv
298 2762 308 2790 ,
332 2656 531 2776 qsusculanum
554 2713 705 2787 venditat,
724 2733 773 2790 ut,
795 2723 820 2780 si

161 2803 253 2873 ossit,
282 2815 363 2858 emat
390 2794 562 2854 Pacilianam
587 2796 716 2853 domum.
741 2795 819 2857 Cum

95 2923 98 2932 .
180 2883 260 2940 cceio
279 2882 310 2937 in
328 2879 451 2959 gratiam
470 2874 547 2933 redi:
564 2874 651 2935 video
668 2877 819 2936 hominem

143 2959 217 3022 vnde
231 2961 399 3040 petitutite:
413 2955 529 3020 navabo
542 2976 669 3038 operam.
689 2953 737 3015 Tu
752 2958 821 3037 qnid

175 3044 277 3104 Tamus
291 3039 382 3102 XIII.
682 3030 710 3094 C
