2117 3984
341 444 620 523 Anticum
778 476 817 527 11

137 586 181 647 que
201 562 284 645 adse
296 568 401 627 reniret
415 589 425 628 .·
433 566 465 647 se
481 590 559 641 eum,
583 569 611 627 δ’
630 566 752 629 Gellium
766 571 822 629 Ca·

137 669 194 707 num
223 649 259 706 de
285 646 495 728 proscriptorum
523 670 631 709 numero
666 639 820 729 exemrffe:

137 749 182 801 ac,
198 748 238 789 ne
250 728 334 809 quod
351 732 381 788 ln
396 730 558 810 periculum
569 730 725 804 incideret,
738 730 820 813 qubd

135 806 351 905 troilufiebat,
371 809 533 905 prandium
550 813 577 870 ei
595 809 681 911 misit
698 810 744 871 Sic
763 811 821 908 At·

137 889 820 1111 ’τὲῗῆὲῖἒὲῗῗὶῇηἳέῗξῐκ’ὲοηῗυξῗὶὲῗὴεῖἒῖἱζ

137 1050 265 1133 presidio
287 1050 354 1111 fuit·
384 1123 386 1130 Ι
407 1072 483 1134 eque
506 1058 584 1113 enim
603 1053 658 1113 sure
684 1052 777 1114 solirm
802 1077 821 1116 a

137 1151 286 1215 quoquam
304 1133 441 1192 auxillum
456 1135 540 1213 petiit
551 1134 664 1207 salutis,
685 1134 735 1195 sed
745 1156 820 1197 con·

119 1211 276 1294 imfflm,
295 1227 329 1273 ut
350 1229 504 1293 appareret
530 1215 637 1275 nullam
663 1213 819 1293 sejuntlam

136 1293 186 1354 libi
204 1294 242 1354 ab
262 1312 302 1353 eo
319 1292 398 1355 velle
422 1292 479 1355 elle
501 1292 658 1354 fortunam.
684 1295 776 1375 Quod
797 1295 820 1356 sr

138 1373 315 1457 guberuator
327 1376 469 1455 praecipui
485 1373 569 1436 laude
586 1375 694 1448 fertur,
712 1380 761 1457 qui
772 1398 821 1436 na·

138 1475 204 1516 vem
223 1474 261 1515 ex
283 1455 381 1516 ltieme
399 1457 527 1535 nitrique
546 1456 699 1537 scopuloso
709 1457 823 1529 server,

138 1555 187 1596 cur
211 1551 274 1595 non
299 1533 445 1616 singularis
469 1534 533 1614 ejus
555 1535 730 1597 existimetur
751 1558 823 1616 pru-

141 1617 255 1689 tlentia,
275 1617 326 1696 qui
341 1629 377 1675 ex
387 1633 455 1688 tot,
472 1629 590 1696 tamque
604 1616 737 1698 gravibus
752 1638 824 1698 pro-

142 1697 219 1758 cellis
233 1696 365 1756 civilibus
377 1698 413 1756 ad
427 1695 656 1758 incolumitatem
667 1700 799 1778 pervenit
811 1697 835 1759 l·

179 1775 234 1837 xl.
252 1776 370 1857 Quibus
382 1796 420 1839 ert
437 1778 519 1836 malis
537 1777 608 1838 urse
625 1777 760 1850 emersit,
772 1780 822 1837 ni-

140 1859 178 1918 ltil
197 1858 277 1918 uliud
297 1859 376 1939 egit,
394 1858 482 1939 quam
501 1874 534 1917 ut
555 1860 703 1939 plurimis,
721 1860 825 1940 quibus

139 1940 226 2000 rebus
249 1936 366 2020 pollet,
392 1935 461 1998 effer
482 1940 600 2000 auxilio.
623 1939 725 2019 Quum
751 1961 826 2020 pro·

141 2019 262 2101 scriptos
279 2020 402 2099 ptaemiis
412 2016 624 2101 Imperatorum
636 2022 739 2101 vulgus
753 2043 827 2081 con-

144 2098 826 2241 llllssirlsslllllllllleltill?

146 2262 233 2322 nendi
246 2259 372 2342 potestas
388 2260 461 2321 falla
480 2260 530 2319 est.
550 2205 633 2339 Quin
655 2204 741 2319 Etiam
762 2260 828 2341 post

145 2342 279 2422 proelium
292 2341 474 2422 Philippense
483 2344 701 2423 ‚interitumque
713 2338 751 2401 C.
760 2340 831 2402 Cas·

144 2422 175 2483 sti
191 2422 223 2482 &
242 2422 287 2483 M.
303 2421 405 2495 Bruti,
425 2422 460 2481 L.
471 2422 578 2482 Julium
594 2422 745 2481 Mocillam
779 2444 830 2483 τε·

146 2506 273 2577 torium,
297 2502 329 2562 ὃ(
347 2500 437 2562 filium
457 2501 540 2582 ejus,
560 2504 727 2583 Aulumque
751 2443 831 2565 lor·

185 2602 266 2646 atum
280 2629 290 2658 ‚
305 2584 475 2664 ceterosque
493 2586 555 2666 pari
569 2582 690 2643 ¹fortunl
708 2584 830 2665 'percul-

145 2606 211 2739 ἲς,
237 2664 355 2725 instituit
375 2668 448 2724 tueri
465 2684 476 2739 3
493 2684 579 2746 atque
610 2685 646 2725 ex
675 2663 698 2723 E
719 2669 762 2727 iro
786 2667 832 2727 his

146 2748 244 2808 omnia
252 2744 482 2807 Samothraciam
493 2746 654 2828 supportari
663 2688 748 2825 julie
763 2746 833 2807 Dif-

146 2826 220 2889 ficile
236 2829 318 2889 enim
335 2825 375 2886 est
387 2830 485 2887 omnia
494 2827 645 2909 persequi,
658 2831 687 2888 ὅ(
703 2850 763 2888 non
779 2847 832 2889 ne·

148 2908 307 2969 cellarium.
326 2906 403 2966 Illud
424 2929 511 2967 unum
530 2910 651 2990 intelligi
672 2910 835 2985 volumus,

149 2991 222 3051 illius
238 2990 467 3066 liberalitatem,
485 2986 580 3071 neque
600 2992 804 3129 temporariam
824 3031 838 3061 ,

685 3092 717 3151 v)
