2117 3984
135 569 139 576 Ι
253 474 319 567 136
396 470 737 542 Amnon

247 587 471 649 Dubitationem
497 602 593 646 autem
617 586 654 646 de
679 584 771 665 Epiro
795 601 857 644 non
881 584 930 644 ma
963 587 976 664 ’,η

247 668 404 729 constrntia
423 664 518 726 nostra
538 663 673 726 afferebat
689 710 699 740 ,
718 664 768 725 sed
790 664 871 745 quod
892 664 934 726 de·
966 675 976 714 ὓ

247 749 353 821 fratre,
373 748 423 806 ubi
443 765 511 807 eum
531 746 617 806 visuri
638 744 790 818 essemus,
819 743 929 806 nescie-
965 753 976 800 Ι

246 830 470 909 bamustquem
485 827 603 908 quidem
621 846 638 886 e
659 848 678 886 o
695 846 750 886 nec
766 845 826 904 quo
841 825 930 886 modo
964 839 975 886 a

246 910 380 982 visurus,
405 907 531 968 necubi
555 848 714 967 dimissgurus
738 908 825 980 sim,
848 903 929 966 scio:
968 919 975 982 ᾇ

247 992 279 1050 id
301 989 341 1050 est
361 990 515 1047 maximum
540 986 572 1046 δι
595 986 784 1047 miserrimum
801 1003 931 1048 mearum
970 999 976 1038 ³

248 1073 379 1132 omniurn
404 1067 591 1128 miseriarum.
614 1066 679 1150 Ego
708 1068 740 1127 ὃ(
769 1064 872 1147 saepius
894 1065 931 1126 ad
968 1065 976 1118 ⁸·

248 1169 300 1224 te,
326 1150 357 1209 ὅ(
380 1150 463 1231 plura
482 1147 659 1221 scriberem,
686 1149 741 1207 nisi
756 1148 828 1206 mihi
848 1145 930 1206 dolor
973 1159 975 1210 ff

248 1251 330 1291 meus
351 1251 440 1310 quum
463 1248 566 1289 omnes
594 1246 688 1309 partes
709 1230 848 1301 mentis,
870 1244 934 1288 tum·
973 1251 975 1264 ²

248 1312 373 1374 maxime
392 1308 474 1388 hujus
490 1311 604 1390 generis
622 1308 789 1370 facultatem
809 1304 932 1369 ademis-

249 1391 301 1454 set.
318 1391 427 1452 Videre
441 1409 470 1452 te
485 1391 583 1469 cupio.
599 1388 678 1449 Cura
691 1406 724 1449 ut
738 1389 847 1451 valeas.
863 1386 933 1450 Dm
968 1431 971 1436 -

250 1473 325 1554 prid.
348 1472 411 1535 Kal.
430 1471 527 1541 Maii,
548 1469 699 1531 Brundisii.

361 1588 523 1652 Ciceno
551 1588 713 1650 Arrrco
740 1585 826 1650 Sur..

249 1708 280 1770 8.
293 1675 504 1771 Buuunlslo·
533 1709 696 1772 roficiscens
714 1706 881 1789 scripseram
899 1705 935 1768 ad

249 1805 297 1862 te,
331 1811 380 1849 uas
399 1789 438 1849 ob
450 1731 545 1849 caudis
559 1794 588 1850 in
601 1790 721 1870 Epirum
734 1811 796 1849 non
813 1787 935 1850 effemuc

250 1811 370 1949 prose&
394 1889 404 1941 ;
428 1870 507 1949 quod
532 1870 564 1930 &
589 1871 698 1929 Achaia
719 1871 813 1950 prope
837 1867 932 1942 esset,

248 1949 335 2029 plena
349 1950 604 2010 audacissimorum
614 1952 817 2023 inimicorum,
831 1951 864 2010 &
876 1949 937 2010 exi·

248 2046 295 2088 tus
319 2027 449 2090 difficiles
469 2030 608 2104 haberet,
627 2052 716 2112 quum
744 2031 813 2090 inde
840 2028 936 2110 prosi·

250 2107 430 2171 cisceremur.
451 2109 604 2185 Accessit,
632 2131 722 2191 quum
752 2109 932 2191 Dyrrhachii

250 2187 392 2264 essemus,
411 2208 442 2251 ut
464 2193 522 2252 duo
546 2195 638 2254 nuntii
655 2192 822 2251 afferrentur
836 2211 846 2264 ;
863 2211 939 2252 unus

250 2269 333 2333 claffe
351 2270 468 2335 fratrem
490 2270 604 2352 Epheso
625 2270 754 2337 Athenas
770 2291 779 2345 3
795 2272 870 2333 alter
886 2291 936 2352 pe·

250 2351 332 2411 dibus
351 2373 404 2433 per
424 2352 628 2412 Macedoniam
650 2355 760 2412 venire.
777 2351 879 2433 ltaque
897 2351 937 2411 illi

251 2435 371 2493 obviarn
390 2435 518 2493 misimus
538 2432 688 2507 Athenas,
706 2450 738 2492 ut
757 2433 825 2493 inde
845 2429 937 2495 Thes·

250 2512 406 2572 salonicam
425 2516 562 2574 veniret:
586 2515 641 2593 ipsi
662 2515 879 2593 processimus,
904 2512 937 2574 dt

251 2588 484 2660 Thessalonicam
505 2615 531 2652 a.
546 2593 574 2651 d.
587 2610 609 2652 x
622 2592 687 2653 Kal.
700 2592 766 2653 Jun.
781 2596 935 2669 venimus,

251 2672 401 2812 {23:235
418 2673 491 2810 hh
505 2673 867 2833 {ii‘hqsssiiiffssifs
881 2674 940 2814 ht

401 2795 412 2825 9

252 2833 361 2913 quanto
379 2832 550 2914 profestum.
569 2833 654 2893 Nunc
674 2832 733 2893 istic
750 2835 820 2913 quid
838 2852 939 2917 agamr

253 2934 301 2974 ma
322 2935 361 2974 no
380 2937 399 2974 ο
421 2932 468 2974 ere
484 2916 575 2973 timeo
589 2935 597 2972 ι
611 2933 783 2995 quamquam
802 2932 834 2973 tu
847 2913 940 2975 alrerd

253 2996 300 3078 ἐρ’
327 2993 375 3060 oli
395 2934 491 3056 scribis
512 2990 610 3057 Idibus
630 2994 716 3057 Maiis
743 2994 853 3071 audiri,
872 2994 940 3057 sore
