2117 3984
765 425 782 451 N

341 446 622 516 Arrrcus.
686 453 691 463 ’
785 470 826 519 21

145 583 198 621 non
216 561 314 622 solum
333 562 410 620 urbis
424 560 587 635 Romanae,
604 561 654 622 sed
674 551 751 623 orbis
772 582 831 626 ter-

147 664 235 702 rarum
256 641 316 703 esse
334 659 464 721 cuperet.

177 722 261 782 XXI.
281 721 352 783 Tali
368 722 461 782 modo
479 741 569 801 quum
590 720 703 802 septem
719 724 750 784 &
762 722 836 806 sep·

144 806 271 884 tuaginta
294 824 389 862 annos
412 800 603 881 complesset,
623 820 710 882 atque
726 804 762 863 ad
782 812 849 867 exi

144 900 269 943 tremam
286 880 459 943 senedutem
480 904 541 941 non
563 885 655 942 minias
671 883 831 965 dignitate,

142 964 231 1043 quam
256 964 347 1044 gratii
376 962 551 1043 fortunaque
574 962 706 1024 crevisset
736 964 849 1046 (mul-⁸

143 1062 187 1103 ras
208 1045 286 1103 enim
310 1044 486 1105 hereditates
508 1042 587 1103 nulli
617 1043 670 1104 alie
687 1064 718 1104 re
746 1046 834 1127 quim

144 1124 277 1185 bonitate
295 1124 336 1185 est
353 1122 546 1205 consecutus)
557 1125 694 1205 tantique
711 1127 835 1207 prospe-

145 1209 230 1265 ritate
246 1204 309 1265 usus
327 1203 396 1265 esset
411 1206 603 1276 valetudinis,
622 1223 653 1264 ut
671 1227 762 1265 annos
780 1210 834 1266 tri·

147 1287 227 1366 ginta
241 1285 385 1345 medicini
401 1308 460 1346 non
477 1283 639 1367 indiguisset
657 1306 667 1358 ;
685 1286 780 1346 nudus
792 1287 835 1348 est

147 1368 302 1438 morbum,
326 1387 413 1447 quern
434 1368 518 1425 initii>
542 1369 574 1425 δι
596 1365 707 1445 ipse&
728 1369 834 1429 medici

147 1446 384 1527 contempserunt
408 1468 415 1506 :
437 1468 505 1506 nam
535 1463 670 1526 putarunt
702 1446 758 1507 esse
791 1465 845 1509 te·-

148 1526 289 1601 uesmon‚
300 1531 346 1586 cui
356 1528 485 1587 remedia
493 1526 599 1585 celeria
608 1525 759 1605 faciliaque
768 1549 847 1607 pro·v

149 1610 348 1689 ponebantur.
363 1604 399 1664 In
410 1609 466 1664 hoc
481 1625 572 1684 quum
582 1621 639 1663 tres
654 1605 764 1665 menses
777 1606 837 1667 sine

148 1689 217 1748 ullis
242 1684 411 1756 doloribus,
428 1703 533 1767 praeter
553 1705 619 1743 uam
659 1707 712 1747 uos
731 1707 767 1747 ex
789 1709 837 1747 cu·

146 1770 264 1829 ratione
289 1766 449 1846 capiebat,
474 1705 716 1845 consumpsriiet‚
745 1767 856 1836 subiti>¹

148 1866 229 1911 tanta
245 1850 289 1909 vis
306 1847 402 1906 morbi
422 1849 452 1905 in
479 1867 568 1906 unum
587 1846 749 1907 intestinum
768 1871 837 1929 pro·
882 1881 887 1891 t

151 1932 253 2010 rupit,
278 1945 309 1987 ut
336 1945 467 1988 extremo
487 1946 622 2007 tempore
640 1948 693 2008 pet
720 1930 837 1991 lumbos

152 2008 244 2069 fistula
269 2010 358 2087 putris
384 2010 520 2088 eruperit.
550 2009 647 2087 Atque
675 2009 732 2068 hoc
759 2014 836 2089 prius

153 2090 241 2170 quim
258 2092 286 2147 ei
304 2087 467 2161 accideret,
483 2086 635 2169 postquam
655 2089 685 2146 in
705 2089 766 2148 dies
784 2090 839 2150 do·

151 2169 232 2229 iores
247 2165 411 2225 accrescere
423 2210 433 2238 ‚
444 2165 614 2244 sebremque
624 2166 762 2228 acceffiffe
774 2171 850 2230 sen-v

150 2248 208 2322 stt,
228 2247 393 2327 Agrippam
411 2264 550 2325 generum
567 2248 603 2303 ad
625 2246 653 2304 se
675 2247 770 2305 arceffi
783 2249 853 2325 jus-⁷

154 2329 211 2402 fit,
236 2328 269 2387 δι
294 2346 361 2385 cum
385 2344 421 2384 eo
444 2324 478 2384 L.
506 2322 677 2385 Cornelium
697 2324 852 2401 Balbum,.

157 2408 336 2487 Sextumque
362 2402 543 2465 Peducaeum.
572 2405 639 2466 Hos
662 2424 699 2465 ¹ut
732 2407 856 2470 venisse

157 2491 252 2563 vidit,
275 2491 305 2546 in
327 2486 454 2545 cubitum
474 2488 557 2544 nixus
579 2506 585 2544 :
610 2492 773 2567 Quantam,
795 2492 855 2550 in·—

158 2574 245 2649 quit,
278 2588 399 2638 curam,
431 2568 649 2647 diligentiamque
663 2571 704 2627 in
731 2573 856 2632 valum·

159 2653 221 2709 dine
240 2671 301 2709 mea
322 2649 424 2708 tuenda
440 2648 491 2705 hoe
514 2667 629 2727 tempore
649 2650 840 2730 adhibuerim,

161 2751 240 2810 quum
269 2751 322 2791 vos
351 2729 425 2807 testes
450 2729 584 2801 habeam,
617 2730 690 2788 nihil
714 2736 842 2815 opusest

158 2810 285 2893 pluribus
304 2808 393 2871 verbis
410 2830 634 2870 commemorare:
654 2811 752 2889 quibus
774 2835 842 2893 quu-

162 2894 237 2951 nianr
256 2931 266 2960 ‚
290 2908 320 2949 ur
333 2891 437 2969 spero,
457 2888 605 2969 satisfeci,
624 2891 746 2971 nihilque
774 2895 843 2952 reli-

163 2975 209 3052 qui
221 2968 309 3052 feci,
327 2972 399 3049 quud
424 2972 463 3029 ad
475 2973 633 3052 sanandum
656 2992 697 3031 nu
723 2974 845 3054 pertine-⁴
