2117 3984
358 449 636 517 Arrrcun
807 478 830 544 7

143 583 205 625 non
223 562 321 623 timori
331 547 343 637 ‚¹
356 550 452 704 neg}
467 561 551 642 spei,
573 563 658 622 tribui
684 561 833 627 viderent.

185 643 259 705 vll.
278 642 380 703 Incidit
449 640 589 703 sarianum
603 641 687 703 civile
705 643 830 721 bellum,

165 746 236 785 uum
263 724 383 785 haberet
411 744 504 784 annos
534 725 651 783 'circiter
677 723 832 807 sexaginta.

157 806 222 866 -sus
237 804 280 869 e'st
297 809 386 866 aetatis
400 808 577 946 vinno,
594 813 690 885 neque
708 804 735 866 se
760 827 798 888 qu

165 907 234 947 uam
243 890 339 946 movit
349 907 385 947 ex
395 905 429 945 ur
450 905 479 946 e.
487 884 570 965 Quae
581 888 678 945 amicis
690 885 743 946 suis
754 908 830 968 opus

143 908 304 1028 inerantad
313 966 486 1047 Pompeium
496 965 830 1048 proficiscentibus‚om·

143 1050 191 1110 nia
207 1069 246 1109 ex
259 1047 307 1108 sua
328 1068 359 1108 re
373 1047 504 1107 familiari
525 1047 616 1106 dedit.
637 1046 733 1127 lpsum
744 1046 831 1109 Pom·

182 1132 243 1189 'um
260 1130 315 1188 sibi
332 1126 517 1207 conjuniium
535 1134 596 1187 tion
609 1126 731 1189 offendit
746 1150 752 1188 :
766 1133 830 1191 nul-

141 1149 203 1269 finem
225 1212 304 1270 enim
326 1213 363 1269 ab
386 1229 424 1269 eo
447 1208 574 1269 habebat
596 1220 829 1284 ornamentum,

139 1308 172 1351 ut
184 1292 291 1364 ceteri,
305 1293 354 1370 qui
367 1309 420 1370 per
430 1305 497 1349 eum
510 1307 558 1348 aut
568 1290 714 1365 honores,
730 1310 778 1350 aut
790 1292 830 1351 di·

140 1374 227 1431 vitias
245 1388 384 1451 ceperant
396 1391 540 1453 3quorum
556 1374 660 1450 partim
674 1371 830 1432 invitiffimi

143 1450 231 1513 castra
243 1450 306 1511 sunt
317 1451 424 1525 secuti,
440 1454 545 1532 partim
564 1450 674 1510 summai
686 1473 751 1511 curn
766 1452 829 1529 ejus

143 1530 307 1594 offensione
326 1533 410 1591 iiomi
432 1531 641 1592 remanserunt.
662 1533 752 1591 Attici
777 1554 829 1593 au-

142 1629 204 1675 tem
225 1616 307 1696 quies
321 1625 475 1693 tantopere
493 1610 598 1673 Caesari
611 1611 664 1672 fuit
682 1631 783 1694 grata,
796 1632 829 1676 ut

143 1693 237 1756 eicior
250 1714 340 1775 quum
358 1696 477 1774 privatis
493 1695 626 1774 pecunias
648 1709 700 1774 pet
719 1694 829 1775 episto-

142 1775 183 1838 las
204 1778 384 1855 imperaret,
403 1775 468 1833 huic
487 1785 553 1833 'non
575 1773 666 1833 solum
690 1775 828 1837 molestus

89 1910 94 1925 ,
140 1876 203 1917 non
223 1853 334 1928 fuerit,
357 1852 406 1914 sed
432 1857 519 1916 etiam
549 1853 655 1914 sororis
682 1854 772 1915 filium
795 1857 828 1917 δι

141 1935 186 2017 Q.
198 1932 378 1997 Ciceronem
398 1948 434 1995 ex
451 1931 584 2014 Po'mpeii
599 1922 693 1995 castris
708 1936 828 1997 conces·

140 2016 218 2078 serit.
229 2014 277 2077 Sic
287 2032 388 2077 vetere
400 2011 525 2075 instituto
537 2018 624 2089 vitae,
638 2013 737 2098 effugit
748 2038 829 2080 nova
866 2085 870 2093 ,

145 2095 282 2181 pericula.

187 2175 269 2237 VHL
289 2174 424 2237 Secutum
441 2175 482 2235 est
497 2177 567 2236 illrid
586 2169 695 2236 beilum
707 2211 717 2249 ·,
730 2176 827 2237 occiso
930 2186 933 2191 '

142 2255 285 2331 Caesare,
310 2277 400 2336 quum
423 2258 582 2336 respublica
603 2276 693 2335 penes
721 2240 828 2319 Brutos

142 2338 291 2400 videretur
311 2336 390 2411 effe,
411 2339 443 2397 &
463 2335 590 2398 Cassium
601 2382 612 2407 ,
624 2358 657 2395 ac
678 2352 741 2396 tota
755 2340 829 2399 civi·

136 2419 184 2479 'tas
214 2419 242 2479 se
263 2418 300 2477 ad
322 2437 373 2478 eos
402 2416 573 2478 convertiffe
596 2417 752 2477 videretur.
779 2418 828 2479 Sic

141 2498 187 2560 M.
205 2499 296 2560 Bruto
314 2498 377 2558 usus
392 2497 492 2571 est‚ut
509 2499 589 2557 nullo
599 2497 647 2556 ille
661 2497 837 2559 adolescens·

140 2582 246 2663 aequali
264 2579 448 2653 familiarius,
470 2579 557 2660 quim
575 2579 632 2638 hoc
656 2577 722 2638 sene
745 2600 829 2651 ;ne·

142 2682 200 2742 que
218 2660 312 2721 solum
332 2679 399 2720 eum
424 2662 584 2740 principem
606 2657 715 2718 consilii
733 2660 829 2721 habe·

140 2759 210 2814 ret,
227 2741 279 2803 sed
296 2743 382 2801 etiam
401 2743 430 2797 in
454 2740 597 2801 convicio.
622 2738 826 2821 Excogitatum
878 2787 880 2796 .

142 2821 185 2883 est
210 2844 228 2881 a
254 2820 446 2903 quibusdam,
471 2839 501 2880 ut
524 2824 668 2901 privatum
696 2824 827 2881 aerarium

142 2900 265 2963 Caesaris
289 2900 518 2962 interfeiioribus
538 2903 574 2959 ab
595 2902 745 2983 equitibus·
761 2901 829 2963 Ro-

139 2986 233 3049 manis
249 2982 479 3048 constitueretur.
495 2981 529 3043 ld
547 2979 722 3123 ῐιιὶΙὲΑεῌὶεῑ
746 2980 827 3063 poiie
918 3071 923 3076 1

677 3084 707 3123 ιν
