2117 3984
250 473 319 541 ²44
362 449 367 460 '
444 450 732 521 Earsaoaa

245 560 377 659 optanda
384 562 470 648 fuerit
482 563 492 622 ἑ
508 585 689 645 quacumque
700 568 754 625 iter
766 561 841 638 feci,
852 561 927 624 nulli

245 665 276 704 vr
288 665 298 718 ς
312 645 394 704 ¹nullo
404 642 530 722 judicio,
544 645 621 705 nulla
631 643 927 718 contumelil,austo·

245 727 326 785 ritate
337 769 348 796 ,
359 724 390 783 &
405 724 605 786 cohortatione
617 723 746 804 perfeci,
763 742 796 785 ut
806 726 838 785 dc
847 721 928 786 Gra·

245 808 290 878 ci,
302 805 336 863 δι
347 807 426 864 cives
441 803 586 876 Romani,
598 807 647 884 qui
660 804 838 866 frumentum
850 825 929 865 com·

243 883 418 1024 presserant,
430 904 565 965 magnum
574 905 727 945 numerum
736 886 853 966 populis
863 886 929 966 pol-

266 983 406 1026 cerentur.
426 963 521 1024 ldibus
541 965 722 1038 Februariis,
743 965 865 1046 quodie
882 965 929 1025 has

245 1045 355 1106 litteras
365 1045 429 1104 dedi
442 1088 451 1118 ,
464 1044 561 1104 sorum
572 1043 745 1106 institueram
759 1065 846 1128 agere
862 1045 931 1106 Lao·

246 1126 339 1185 diceae
355 1123 557 1205 Cybiratieum
573 1123 759 1205 :Apamense
782 1121 929 1202 exuldibus

247 1205 373 1279 Martii,
396 1205 506 1265 ibidem
534 1204 749 1286 Synnadense,
780 1205 932 1288 Pamphy·

247 1285 319 1346 lium
336 1293 425 1363 (tum
443 1285 566 1346 Phemio
588 1285 733 1367 dispiciam
752 1287 853 1366 ιιέρις)
875 1285 931 1380 Ly-

247 1368 404 1439 caouium,
423 1364 594 1425 Isauricum:
615 1387 651 1428 ex
670 1366 765 1426 idibus
786 1365 882 1436 Maii,
902 1387 931 1425 m

248 1443 404 1518 Ciliciam,
423 1464 455 1506 ut
472 1446 512 1505 ibi
527 1444 626 1505 Iunius
648 1445 830 1506 consumatur
850 1467 858 1506 ε
876 1465 933 1508 ve·

248 1527 302 1586 lim
318 1527 469 1608 tranquille
487 1548 504 1584 a
523 1524 640 1586 Parthis.
658 1525 822 1606 Quintilis,
839 1529 864 1586 si
880 1528 932 1588 erit

249 1623 282 1666 ut
301 1607 456 1681 volumus,
469 1607 500 1664 in
513 1609 614 1666 itinere
632 1605 671 1667 est
687 1626 739 1687 per
752 1609 934 1687 provinciam

248 1687 437 1748 redeuntibus
459 1685 688 1748 consumendus:
705 1689 841 1748 venimus
857 1689 934 1748 enim

249 1767 283 1824 in
308 1769 488 1846 provinciam
514 1767 721 1841 Laodiceam,
747 1766 878 1848 Sulpicio
903 1767 935 1828 ἃ

249 1845 396 1906 Marcello
416 1845 482 1906 coll.
502 1848 594 1926 pridie
614 1847 678 1907 Kal.
702 1845 850 1908 Sextiles:
868 1847 935 1910 inde

251 1945 306 1984 nos
327 1942 445 2004 oportet
468 1926 611 1986 decedere
632 1949 657 1986 a.
678 1927 759 1987 d.1v
775 1927 844 1988 Kal.
859 1927 938 1990 Sext.

251 2005 380 2066 Primbm
404 2007 579 2066 contendam
600 2028 616 2064 a
641 2008 754 2085 Quinto
773 2007 887 2083 fratre,
905 2025 938 2070 ut

251 2085 280 2146 se
305 2084 410 2166 praefici
432 2088 574 2167 patiatur,
590 2088 670 2166 quod
687 2090 719 2146 ὃ(
741 2089 815 2161 illo,
838 2090 871 2149 &
889 2107 938 2150 me

252 2168 425 2227 invitissimo
446 2166 523 2228 fiet:
554 2166 603 2227 sed
631 2169 712 2227 aliter
737 2167 857 2230 honeste
875 2167 939 2229 fieri

254 2270 317 2308 non
337 2246 452 2329 potest,
476 2247 632 2328 pr'aesertim
650 2269 737 2328 quum
758 2251 854 2309 virum
883 2269 941 2330 op·

253 2332 379 2402 timum,
399 2327 587 2408 Pomptinum
605 2348 641 2387 ne
659 2350 733 2387 utine
755 2330 875 2407 quidem
893 2349 939 2390 re-

254 2411 348 2470 tinere
368 2412 499 2488 possim:
519 2411 592 2489 rapit
609 2412 686 2468 enim
703 2409 855 2469 hominem
871 2407 942 2470 Pos-

255 2493 365 2548 tumius
381 2488 529 2560 Romam,
550 2487 663 2548 fortasse
681 2492 768 2548 eriam
786 2487 940 2550 Postumia.

256 2569 357 2630 Habes
376 2571 494 2628 consilia
516 2568 628 2629 nostra:
647 2591 721 2627 nunc
740 2569 885 2650 cognosce
901 2569 938 2630 cle

167 2718 169 2723 .
258 2647 358 2710 Brut0.
370 2649 535 2708 Familiares
549 2650 636 2709 habet
649 2649 752 2710 Brutus
770 2669 836 2710 tuus
854 2647 941 2730 quos·

258 2729 327 2789 dam
346 2730 501 2788 creditores
518 2728 739 2790 Salaminiorum
754 2749 790 2790 ex
809 2729 943 2810 Cypro,

259 2809 307 2870 M.
321 2807 484 2887 Scaptium,
501 2808 531 2866 &
543 2807 575 2867 P.
591 2809 745 2870 Matinium
757 2854 767 2883 ,
780 2831 856 2890 quos
871 2810 944 2870 milii

259 2887 399 2967 majorem
419 2890 449 2947 in
471 2888 591 2948 modurn
609 2890 836 2951 commendavit.
853 2891 945 2950 Mati·

261 2973 342 3032 nium
363 2990 424 3032 non
443 2970 535 3034 novi:
555 2968 685 3053 Scaptius
705 2972 742 3034 ad
761 2991 810 3032 me
831 2973 863 3034 in
878 2969 944 3042 cass
