2117 3984
253 502 370 569 .420·
437 480 747 547 Emrm

256 594 370 666 fuerat,
390 591 509 667 fuiffes;
530 612 628 653 tamen
650 591 728 652 leffls
744 588 807 669 ejus
822 590 932 665 litteris,

253 694 324 754 quas
337 673 374 732 ad
390 693 439 733 me
478 676 619 734 ratissimo
634 674 732 733 animo
748 672 785 733 de
803 688 852 731 tua
865 673 936 732 libe·

251 754 362 814 talitate
385 694 588 834 beneficioque
609 752 715 826 misit,
734 752 873 812 eamdem
890 771 934 814 me

251 831 374 893 salutem
392 855 409 893 a
427 852 457 893 te
473 830 609 913 accepiffe
633 835 751 910 putavi,
771 853 860 913 quam
872 831 933 897 ille:

253 914 284 972 in
310 933 399 994 quem
424 916 448 973 si
472 935 519 975 me
548 910 682 992 intelligis
712 911 770 971 elle
797 928 934 994 gratum,
963 979 966 986 ¹

254 1014 349 1065 cura,
375 992 494 1055 obsecro
516 1039 526 1068 ‚
549 1010 581 1054 ut
603 993 690 1051 etiam
712 994 742 1051 in
762 990 935 1075 Pompeium

253 1071 309 1140 effe
329 1075 449 1154 possim.

353 1190 518 1253 Cleano
548 1188 714 1251 Amce
744 1187 836 1251 Sir..

252 1275 516 1372 iai-samam
533 1327 594 1369 tuas
611 1311 717 1371 litteras
732 1327 797 1370 xm
811 1309 936 1376 Kalend.

252 1412 342 1472 quum
358 1391 430 1451 mihi
446 1388 566 1472 epistola
585 1389 700 1451 affertur
717 1413 734 1452 a
752 1391 872 1472 Lepta,
883 1396 936 1454 cir·

251 1470 456 1532 cumvallatum
467 1468 524 1531 effe
531 1468 721 1552 Pompeium
730 1471 838 1533 ratibus
847 1477 936 1534 etiam

250 1554 345 1612 exitus
365 1551 464 1632 pomis
491 1553 593 1611 teneri.
620 1550 690 1611 Non
712 1551 825 1621 medius
848 1551 935 1616 fidius

250 1652 309 1711 prae
322 1632 459 1712 lacrymis
471 1629 582 1711 poffum
594 1632 702 1711 reliqua
716 1652 771 1692 nec
783 1634 934 1714 cogitare,

250 1731 306 1771 nec
323 1710 463 1772 scribere:
483 1714 546 1770 misi
564 1711 600 1770 ad
618 1730 645 1772 te
667 1710 845 1851 exemglmum.
867 1712 934 1774 Mi.-

249 1789 328 1850 seros
351 1792 434 1851 nosl
463 1813 513 1850 cur
538 1812 598 1851 non
621 1813 724 1853 omnes
806 1793 933 1853 millius

247 1869 306 1930 uni
329 1869 452 1929 exsecuti
471 1869 565 1929 sumus
582 1871 593 1929 ἓ
613 1869 689 1932 Ecce
707 1889 836 1932 autema
855 1871 932 1933 Ma·

245 1949 289 2008 tio
309 1947 342 2007 &
359 1946 497 2009 Trebatio
515 1950 636 2009 eadem:
654 1951 753 2031 quibus
770 1949 929 2013 Minturnis

248 2028 329 2090 obvii
354 2026 472 2089 casaris
499 2031 648 2091 tabellarii.
673 2030 826 2111 Torqueor
851 2032 929 2094 infe-

243 2109 305 2183 lix,
319 2126 354 2168 ut
363 2106 421 2187 jam
434 2111 515 2168 illum
529 2111 698 2170 Mucianum
712 2114 821 2174 exitum
836 2130 929 2193 exop-

244 2202 315 2248 tem.
333 2189 374 2249 At
390 2190 477 2269 quim
492 2189 630 2263 honesta,
647 2210 674 2251 at
689 2190 776 2272 quim
790 2192 926 2270 expedita

243 2286 294 2328 tua
316 2272 456 2340 consilia,
478 2271 717 2351 quimevigilaia
734 2273 790 2331 tuis
810 2274 921 2351 cogita·

169 2360 172 2365 '
242 2349 391 2423 tionibus,
412 2351 468 2429 qui
484 2353 616 2423 itineris,
657 2350 693 2408 ui
713 2352 923 2431 navigationis3

242 2428 301 2508 qui
313 2428 477 2509 congressis
487 2475 499 2503 ,
509 2373 700 2510 sermoniiilue
713 2451 779 2489 cum
790 2427 923 2491 Caesare?

241 2503 340 2567 amnia
360 2526 422 2568 tum
442 2508 582 2584 honesta,
605 2528 663 2569 tum
686 2529 779 2570 cauta.
793 2507 826 2569 In
843 2506 922 2586 Epi-

241 2606 306 2656 ¹rum
322 2588 395 2672 Wb
408 2590 539 2650 invitaiio
556 2590 639 2670 quim
655 2590 764 2663 suavis,
783 2586 869 2668 quim
883 2589 920 2646 li·

238 2665 362 2739 heredis,
377 2667 464 2749 quim
480 2669 601 2729 fraterna
613 2669 683 2729 [De
697 2669 846 2749 Dionysio
856 2666 926 2730 sum

238 2747 393 2807 admiratus
408 2769 418 2820 ;
441 2751 488 2829 qui
501 2750 577 2829 apud
594 2770 641 2808 me
662 2750 831 2809 honoratior
848 2747 924 2825 fuit,

239 2827 326 2907 quim
349 2829 426 2908 apud
450 2827 618 2908 Scipionem
641 2828 804 2891 Panaetius:
824 2851 842 2889 a
861 2850 924 2909 quo

192 2950 194 2954 -
237 2908 429 2988 impurissimi
451 2908 512 2966 haec
533 2909 626 2968 nostra
647 2909 765 2969 fortuna
786 2907 924 2989 despe&a

236 2986 294 3048 est:
315 2990 363 3051 odi
378 2989 524 3049 hominem
537 3035 548 3064 2
563 2991 593 3050 &
610 2990 722 3064 oder03
741 2992 852 3051 utinam
874 2991 923 3052 ul-
