2117 3984
196 353 244 426 62
361 352 686 422 'Eursrou'z

195 489 254 550 que
274 481 380 527 uaturae
401 467 573 548 plerumque
596 463 739 535 bonitati3
765 462 822 538 δι,
844 463 876 526 id

195 549 275 629 quod
299 564 386 627 caput
402 545 473 622 est,
499 547 585 607 nobis
609 550 683 606 inter
703 565 759 604 nos
779 543 877 633 nuspa

196 634 257 689 sive
278 628 465 687 incommoda
484 673 494 701 ,
513 629 575 688 sive
595 627 691 697 vitia,
711 626 776 684 sive
798 627 877 704 injus

196 711 252 768 rias
274 707 332 768 effe
351 707 516 768 tolerandas
535 727 545 777 ;
561 705 645 765 facili
667 704 751 778 haec,
768 725 878 785 quem-

196 788 356 848 admodum
367 786 470 867 spero,
487 785 707 867 mitigabuntur:
724 786 806 864 quod
819 806 879 869 ego

197 885 229 928 ut
251 867 361 939 facias,
383 884 415 927 oe
434 887 509 928 oro:
530 886 599 924 mm
623 866 661 925 ad
682 885 753 938 me,
779 869 879 945 quire

196 950 281 1011 unice
297 948 412 1028 diligo,
427 947 554 1008 maxime
570 948 714 1026 pertinet,
729 949 879 1008 neminem

196 1027 253 1090 effe
273 1045 430 1101 meorum,
450 1029 504 1108 qui
520 1044 569 1087 aut
586 1045 616 1087 re
633 1048 694 1085 non
712 1043 812 1101 amet,
831 1045 879 1090 au

194 1108 288 1167 abste
307 1127 368 1167 nou
386 1125 507 1167 ametur.
525 1106 579 1165 ilia
597 1128 663 1186 pars
680 1104 807 1184 epistole
821 1125 878 1168 tun

195 1189 314 1248 minime
337 1187 390 1247 fuit
410 1185 588 1259 necessaria,
608 1189 638 1244 iu
657 1207 715 1265 qua
734 1190 880 1267 exponis,

128 1265 131 1270 ’
196 1288 267 1347 quas
282 1267 430 1328 facultates
447 1287 496 1327 aut
512 1267 754 1347 provincialium,
774 1285 823 1326 aur
834 1289 881 1328 ur·
903 1338 905 1342 ¹

196 1349 340 1408 banorum
358 1347 609 1418 conmodorum,
629 1348 664 1406 &
686 1346 747 1405 eliis
766 1364 881 1428 tempo·

196 1428 293 1503 ribus,
311 1428 345 1488 &
362 1426 473 1508 meipso
492 1426 629 1499 consule,
648 1426 880 1506 prsetenniserisz

196 1512 268 1569 mihi
280 1512 358 1569 enirn
371 1506 518 1588 perspeeia
529 1506 571 1568 est
580 1508 738 1587 ingenuitas
750 1549 761 1580 ,
774 1508 807 1567 &
819 1527 880 1568 ma·

197 1590 319 1668 gnirudo
342 1591 431 1646 animi
449 1591 506 1648 rui:
529 1606 625 1667 neque
641 1607 702 1668 ego
721 1590 880 1662 interme,
907 1643 909 1648 .

197 1684 284 1748 atque
303 1686 332 1727 re
351 1667 509 1747 quidquam
526 1665 656 1727 intereffe
670 1688 809 1747 umquam
824 1669 881 1728 du-

79 1773 84 1783 ·
185 1750 244 1821 ·xi,
255 1764 358 1825 praeter
368 1747 551 1807 voluntatem
562 1746 694 1807 instituta
704 1750 787 1820 virae3
801 1748 881 1828 quud

196 1843 245 1887 me
256 1826 377 1886 ambitio
388 1827 520 1907 quaedarn
531 1828 568 1886 ad
581 1828 726 1888 honorum
736 1826 860 1890 studium
867 1873 881 1901 ,

196 1923 226 1966 te
245 1924 342 1966 aurem
360 1907 415 1965 alia
431 1909 551 1966 minime
570 1909 809 1987 reprehendenda
830 1932 880 1969 ra·

195 1988 239 2046 tio
259 1987 296 2046 ad
316 1985 467 2047 honestum
484 1990 576 2048 otium
599 1988 697 2050 duxit:
721 1990 792 2050 verri
809 1994 879 2071 qui·

195 2065 264 2126 dem
277 2068 361 2128 laude
378 2067 551 2147 probitatis,
568 2067 743 2151 diligentia,
760 2070 881 2152 religio·

194 2150 239 2207 uis
251 2193 261 2222 ,
273 2168 368 2229 neque
380 2169 428 2208 me
442 2150 495 2208 tibi
505 2195 515 2223 ,
525 2169 623 2230 neque
638 2169 813 2231 quemquam
831 2170 881 2211 an·

196 2245 319 2309 repono.
340 2228 458 2289 Amoris
472 2232 546 2290 verb
568 2250 599 2287 er
620 2251 636 2287 a
659 2250 727 2303 me,
752 2252 841 2311 quum
862 2253 879 2291 a

197 2309 325 2372 fraterno
351 2330 476 2382 amore,
502 2310 589 2368 dorne
614 2312 717 2390 'coque
742 2311 881 2387 discessi,

197 2390 251 2449 tibi
288 2394 373 2450 rimas
393 2388 511 2449 defero:
529 2391 592 2449 vidi
606 2392 707 2464 enim,
725 2391 806 2464 vidi,
825 2412 880 2472 pe·

196 2413 329 2549 nitugue
392 2469 483 2548 rspexi
503 2472 533 2527 in
554 2474 626 2529 meis
648 2473 733 2529 variis
757 2487 881 2553 ternpo-

196 2549 275 2606 ribus
297 2548 329 2607 &
358 2549 578 2620 ollicitudines,
600 2551 632 2609 &
653 2551 763 2610 laeritias
786 2567 848 2612 tuas
870 2573 880 2614 t

197 2625 251 2687 fuit
271 2627 340 2686 mihi
359 2625 433 2707 saepe
453 2629 484 2686 &
501 2628 593 2688 laudis
609 2628 710 2689 nostrae
726 2633 881 2712 gratulatio

195 2723 245 2768 rua
262 2704 412 2785 jucunda,
433 2707 465 2767 &
485 2710 596 2769 timoris
616 2711 775 2772 consolatio
789 2732 880 2794 grata.

197 2786 282 2865 Quin
304 2786 374 2849 mihi
391 2808 491 2859 nunc,
510 2807 539 2848 te
555 2790 692 2865 absente,
708 2813 768 2851 uon
786 2794 882 2854 solum

197 2870 369 2944 consilium,
386 2889 444 2951 quo
461 2887 493 2931 tu
508 2871 646 2946 excellis,
660 2872 709 2934 sed
725 2876 814 2935 etiam
829 2876 884 2937 ser·
