2117 3984
263 514 332 564 222
447 489 752 562 Enlsnozrn

259 605 413 666 miratione
427 602 549 666 fecimus
559 624 569 680 3
581 624 637 666 nec
649 604 816 667 mehercule
828 603 942 682 habeo,

258 684 342 824 lm
365 685 459 745 adhuc
479 707 566 767 quern
585 684 714 746 accusem
729 705 885 748 meorum:
900 689 944 750 vi·

281 781 365 830 entur
383 765 456 826 mihi
474 765 554 828 nolle
574 787 648 840 uos,
667 764 794 827 nostram
811 766 939 842 causam.

260 843 295 907 &
316 846 517 908 conditionem
543 845 729 927 profeffiorris
753 847 811 908 sua
831 868 839 908 :
860 849 942 930 plane

259 924 387 988 serviunt
405 924 605 988 existimationi
621 947 704 990 meae.
729 927 825 1027 Quod
840 927 941 1012 seper·

260 1003 326 1080 est,
346 1009 371 1068 si
390 1027 493 1068 verum
506 1007 578 1068 illud
598 1005 660 1081 est,
679 1005 754 1079 clar
773 1008 940 1086 sidium,

259 1088 339 1148 certe
350 1087 577 1167 permanebunt:
597 1086 667 1148 nihil
684 1090 762 1148 enim
778 1110 796 1146 a
817 1109 868 1152 me
881 1087 940 1154 heri

257 1167 299 1227 ita
320 1168 461 1229 videbunt
481 1213 491 1242 ,
511 1187 544 1232 ut
561 1166 615 1230 sibi
632 1170 668 1228 sit
686 1167 764 1228 delin
786 1169 878 1234 uendi
893 1169 940 1230 lo-

258 1267 331 1308 cus:
350 1252 395 1310 sin
410 1250 442 1310 id
457 1269 558 1328 parum
579 1247 741 1329 profluent,
762 1189 960 1390 3813.ἰὶᾘῖιὲΙ

259 1349 277 1387 a
290 1328 375 1390 nohis
387 1330 512 1392 severius
525 1348 533 1387 τ
553 1350 621 1390 nam
637 1329 732 1393 adhuc
744 1328 865 1392 lenitate

258 1426 308 1468 ces
325 1408 442 1484 sumus3
461 1410 515 1483 dt,
533 1425 566 1470 ut
581 1408 686 1489 spero,
706 1406 878 1489 proficimus
890 1409 939 1476 uli·

259 1507 408 1568 quantum.
428 1490 487 1552 Sed
508 1509 566 1573 ego
587 1490 688 1563 hane,
710 1507 742 1550 ut
765 1489 872 1572 singuli
894 1489 938 1554 di*

258 1589 355 1644 cunt,
381 1575 477 1643 ᾰιεξίαι
498 1571 529 1630 in
550 1591 639 1630 unum
657 1590 764 1630 annum
788 1570 938 1634 meditatus

256 1647 340 1715 sum:
356 1651 479 1732 proinde
497 1671 613 1732 pugna,
632 1671 691 1725 ne,
709 1652 733 1709 si
739 1650 819 1794 Ιῧιιίἀ
838 1671 938 1732 proro-

257 1746 356 1809 gatum
377 1735 443 1804 sit,
470 1733 561 1810 turpis
579 1733 718 1793 inveniar.
770 1751 828 1794 turc
851 1731 938 1796 redeo

257 1808 295 1868 ad
316 1829 379 1888 qnae
402 1810 473 1869 mihi
494 1811 625 1871 mandas.
643 1810 677 1871 ln
696 1808 839 1890 presedis
856 1829 939 1872 excu-

256 1885 348 1947 satio:
367 1891 422 1961 iis,
443 1910 516 1970 quos
533 1891 617 1950 voles
631 1936 640 1964 ‚
657 1889 792 1952 deserto:
812 1911 873 1954 non
888 1909 937 1954 eto

256 1982 318 2026 tam
335 1972 488 2044 periure»,
508 1969 596 2049 quaint
610 1974 640 2031 in
661 1970 790 2050 Apuleio
808 1969 862 2032 fui.
880 1969 937 2034 Xe·

254 2067 367 2108 nonem
385 2066 445 2108 tam
466 2048 581 2132 diligo,
604 2050 692 2132 quim
709 2066 761 2110 tu:
787 2049 870 2129 qnod
888 2047 937 2132 ip'·

255 2126 318 2187 sum
336 2127 440 2189 sentire
458 2135 539 2191 certi>
558 2130 626 2190 scio.
647 2130 737 2211 Apud
755 2129 911 2196 Patronem
926 2173 936 2204 ,

254 2205 290 2269 dt
308 2209 435 2291 reliquos
456 2210 580 2271 barones
601 2229 630 2272 te
650 2213 679 2269 in
703 2213 830 2274 maxima
845 2211 935 2293 gratia

255 2289 358 2372 posui,
380 2290 411 2350 &
433 2291 548 2352 hercule
574 2292 677 2351 merito
701 2310 753 2352 tuo
776 2290 854 2352 feci:
872 2309 935 2356 uam

254 2371 329 2430 mihi
349 2371 373 2431 is
398 2390 465 2442 ter,
494 2372 595 2446 dixit,
618 2388 648 2432 te
666 2371 803 2451 scripsille
827 2371 864 2435 ad
881 2369 934 2444 se,
974 2381 980 2410 ¹*

254 2451 328 2510 mihi
352 2470 389 2513 ex
417 2451 492 2510 illius
518 2453 649 2525 litteris,
670 2471 732 2511 rem
760 2451 840 2512 illam
863 2469 934 2512 crue
969 2459 980 2540 ζ·

254 2529 446 2612 fuille,'quod
464 2534 492 2591 ei
508 2550 672 2612 pergratum
687 2550 757 2591 erat.
773 2530 835 2594 Sed
847 2549 935 2612 quum
969 2543 980 2578 ’·

253 2609 359 2671 Patron
374 2631 489 2671 mecum
506 2598 625 2694 egisset,
639 2631 671 2673 ut
685 2630 818 2692 peterem
835 2609 935 2672 aves·
966 2617 980 2658 θ

252 2709 299 2751 1¹10
324 2691 507 2773 Areopago,
529 2697 760 2770 laoprapalrrnlr
781 2692 937 2764 tollerent,
965 2703 980 2742 1

251 2792 343 2853 quem
358 2771 553 2850 Polycharmo
566 2790 688 2849 praetore
700 2770 846 2844 fecerant,
858 2793 936 2832 com·
964 2785 980 2827 a

252 2852 367 2913 modius
384 2851 476 2910 visum
493 2849 534 2910 est
550 2851 580 2908 ὅ(
600 2851 735 2924 Xenoni,
750 2851 782 2910 ὃ(
800 2849 868 2932 pbst
883 2853 937 2933 ipsi
963 2853 980 2912 h

254 2930 388 3004 Patroni,
406 2951 454 2990 me
475 2931 511 2990 ad
530 2931 704 2992 Memmium
723 2931 871 3006 scribere,
888 2933 936 3013 qui
962 2947 980 3018 tp

250 3013 365 3098 pridie,
383 3012 469 3095 quim
492 3033 549 3100 ego
576 3013 705 3076 Athenas
726 3015 820 3088 veni,
843 3013 937 3099 hlity·
962 3029 980 3084 n
