2117 3984
250 481 538 550 'ao‘Amcvm
558 482 646 553 Lm.
666 453 717 554 X.
751 502 818 579 45¹

144 610 197 654 nec
216 593 313 654 tameo
330 596 361 653 in
381 597 464 666 acie,
481 594 531 654 sed
549 594 679 669 Melitae,
700 613 748 657 aut
765 598 823 657 alio

89 745 92 752 .
143 675 171 733 in
190 675 258 734 loco
282 675 368 734 simili
393 673 563 763 oppidulo,
592 674 717 735 futurum
740 695 823 757 puto.

143 752 242 828 Nihil,
260 756 394 835 inquies,
416 773 498 833 juvas
517 774 584 816 eum
600 799 610 829 ‚
628 756 657 813 in
676 776 762 835 quem
777 759 823 818 in-

142 851 239 915 gratus
256 832 313 894 elle
332 854 391 894 non
407 838 471 895 vis:
488 837 581 895 immo
601 836 695 894 minhs
711 835 823 900 fortasse

141 913 288 977 voluisset.
312 912 372 974 Sed
391 914 427 977 de
449 916 505 975 hoc
531 916 708 978 videbimus.
732 913 825 976 Exea-

139 1014 208 1055 mus
236 994 352 1055 modo:
381 996 461 1075 quod
488 1013 519 1057 ut
544 997 667 1056 meliore
693 1012 826 1075 tempore

161 1076 311 1145 ossimus,
330 1072 398 1133 facit
414 1075 547 1137 Adriano
562 1080 635 1136 mari
651 1074 826 1149 Dolabella,

140 1095 274 1215 iretensi
297 1150 400 1214 Curio.
425 1154 534 1235 lnjedla
553 1176 649 1217 autem
673 1156 743 1214 mihi
763 1156 828 1236 spes

143 1235 280 1316 quaedam
296 1232 356 1306 est,
376 1235 454 1296 velle
475 1256 592 1297 mecum
611 1235 742 1297 Servium
762 1235 828 1296 Sul-

143 1316 254 1396 picium
279 1313 438 1393 colloqui:
465 1316 594 1377 adeum
618 1318 685 1376 misi
704 1315 827 1376 Philoti-

142 1414 225 1455 mum
252 1394 388 1455 libertum
418 1417 484 1455 cum
507 1396 618 1458 litteris.
645 1396 675 1458 Si
699 1398 743 1456 vir
769 1395 827 1457 elle

142 1475 246 1548 volet,
266 1475 402 1554 praeclara
423 1474 549 1538 coalia:
569 1479 613 1535 sin
631 1494 749 1547 autem;
768 1480 829 1536 eri·

143 1575 210 1615 mus
232 1574 286 1615 nos
300 1598 310 1628 ‚
326 1557 376 1635 qui
392 1552 528 1615 solemus.
547 1555 640 1617 Curio
657 1576 772 1617 mecum
785 1560 831 1617 vi·

144 1638 220 1710 xit,
243 1633 336 1713 jacere
366 1634 511 1695 Caesarem
537 1655 641 1717 putans
666 1634 828 1697 offensione

145 1716 306 1797 populati,
329 1714 488 1796 Siciliaeque
508 1714 642 1777 diffidens
663 1761 673 1790 ‚
697 1721 722 1777 si
739 1716 830 1777 Pom-

145 1800 229 1877 peius
253 1797 388 1877 navigare
416 1794 557 1874 coepiilet.
584 1796 730 1876 Quintum
753 1815 830 1877 pue·
891 1857 896 1866 ,

145 1898 213 1936 rum
234 1879 332 1957 accepi
348 1876 557 1938 vehementer:
576 1880 723 1938 avaritiam
741 1879 830 1939 video

145 1955 253 2032 fuisse,
270 1957 303 2016 &
318 1956 399 2038 spem
412 1978 459 2015 ma
480 1960 509 2016 ni
521 1959 676 2039 congiarii:
693 1975 832 2040 magnum

146 2037 210 2097 hoc
231 2036 338 2099 malum
363 2035 432 2108 est;
455 1978 505 2096 ded
527 2036 617 2097 scelus
639 2039 734 2109 illud,
752 2039 832 2118 quod

145 2120 354 2191 timueramus,
370 2116 454 2197 spero
468 2116 580 2176 nullum
594 2115 695 2180 fuiffez
711 2118 768 2179 hoc
781 2140 833 2179 au-

145 2213 211 2257 tem
233 2199 336 2259 vitium
355 2214 428 2278 puto
448 2213 479 2257 te
502 2194 662 2257 existimare
682 2218 742 2257 non
761 2196 833 2258 nos*

147 2279 193 2338 τά
217 2277 420 2359 indulgentia,
438 2276 488 2337 sed
505 2294 637 2337 anatum
654 2276 833 2357 profellumz

170 2376 241 2418 uem
260 2374 358 2420 tamen
378 2378 434 2418 nos
456 2356 605 2437 disciplina
628 2360 764 2439 regimus.
781 2355 832 2418 De

147 2379 589 2599 illmlmmll
600 2438 835 2599 imm.

150 2597 263 2672 bimum
273 2598 324 2662 sed
333 2600 405 2660 alios
417 2598 511 2662 cursus
520 2599 692 2662 videbamur
701 2599 835 2661 habituri.

263 2717 425 2784 Cicnno
452 2720 617 2784 Arrico
644 2718 727 2783 SAL.

153 2803 257 2902 &ET
274 2862 320 2903 res
338 2842 399 2924 ipsa
415 2843 574 2913 monebat,
595 2840 676 2902 &tu
696 2838 836 2900 ostende-

149 2941 199 2983 ras
215 2965 226 2994 ,
243 2923 346 3006 &ego
363 2923 524 2996 videbam,
545 2920 581 2980 de
600 2921 634 2980 iis
647 2920 750 2994 rebus,
766 2938 837 2997 quas

152 3003 288 3087 intercipi
311 3001 502 3087 periculosum
527 2997 625 3077 ellel,
648 2998 738 3063 finem
761 3001 836 3061 inter
