2117 3984
261 471 326 563 176
442 469 748 538 Errsrorn

251 582 407 662 adjuvante
428 580 551 664 Appi03
570 583 658 643 etiam
671 581 788 642 hercule
804 579 937 644 familiari

251 683 321 736 tuo;
337 662 374 723 de
391 659 471 738 cujus
490 659 667 734 constantia,
686 663 793 723 virtute
810 679 867 724 tuae
882 683 941 724 ve·
969 731 971 736 ,

252 746 372 804 rissimae
385 743 498 804 littera„
514 741 627 804 Sextius
641 741 747 804 furere.
759 742 812 803 llle
827 741 941 824 polles,

254 827 278 883 si
299 826 418 883 comitia
437 821 486 882 sua
507 844 569 882 non
589 822 720 894 fierent,
745 823 810 884 urbi
831 825 941 886 minari.

252 904 406 985 Propositai
425 902 590 963 Marcellini
608 902 767 977 sententia,
789 923 879 984 quarn
893 904 939 966 ille

152 1037 157 1046 .
254 986 292 1045 de
314 985 418 1065 scripto
441 986 481 1044 ira
501 984 631 1056 dixerat,
654 1002 686 1043 ut
706 999 800 1043 totam
818 982 941 1044 nostram

253 1066 366 1126 causam
384 1084 477 1137 aree,
491 1065 714 1136 incendiorum,
728 1065 852 1143 periculi
867 1065 939 1140 tuci,

255 1143 646 1225 judiciocornpledleretur,
662 1164 755 1223 eaque
774 1147 876 1204 omnia
891 1166 939 1206 co·

252 1229 343 1286 mitiis
361 1223 535 1297 anteferret3
553 1224 742 1304 proscripsit,
760 1221 790 1284 se
808 1245 862 1305 per
878 1245 939 1284 om·

256 1327 310 1367 nes
331 1307 393 1367 dies
417 1305 576 1365 comitiales
600 1306 636 1364 de
656 1304 733 1364 coelo
754 1303 939 1366 servaturum.

256 1387 425 1449 Contiones
442 1386 612 1446 turbulentae
628 1384 767 1456 Metelli,
782 1389 938 1446 temeraria

256 1469 373 1550 Appii,
394 1466 588 1527 furiosissimae
614 1464 717 1524 Publii.
749 1465 825 1526 Haec
849 1484 940 1527 tamen

257 1549 367 1610 summa
377 1568 386 1620 ;
400 1550 454 1607 nisi
475 1545 551 1606 Milo
572 1549 600 1605 in
622 1565 758 1625 campum
775 1543 940 1607 obnuntias-

256 1629 317 1701 set,
342 1631 460 1689 comitia
472 1625 579 1686 futura.
601 1624 679 1686 Ante
703 1625 783 1685 diem
801 1645 854 1686 xrr
873 1625 939 1688 Kal.

258 1709 405 1770 Decemb.
426 1708 503 1767 Milo
522 1707 619 1767 medii
636 1704 719 1765 nodie
736 1709 842 1787 magnai
859 1727 940 1768 manu

257 1792 288 1849 in
309 1809 442 1868 campum
463 1790 554 1847 venit.
578 1785 700 1847 Clodius
719 1807 808 1866 quum
826 1787 940 1850 haberet

257 1868 445 1949 fugitivorum
465 1866 589 1926 dclellas
609 1870 728 1945 copias,
750 1870 779 1925 in
807 1887 941 1948 campum

258 1951 300 2008 ire
311 1969 370 2008 non
381 1945 422 2008 est
435 1946 528 2007 ausus.
542 1946 617 2006 Milo
631 1949 786 2027 permansit
800 1948 838 2008 ad
853 1951 940 2008 rneri-

259 2029 339 2090 diem
366 2026 485 2089 mirifica
506 2028 658 2087 hominum
685 2029 782 2088 laetitid
803 2071 814 2100 ,
835 2027 940 2088 summa

257 2131 326 2171 cum
345 2111 444 2191 gloria.
462 2109 625 2170 Contentio
643 2107 760 2170 fratrum
779 2111 867 2171 trium
884 2126 941 2172 tur·

258 2194 326 2273 pis,
349 2191 435 2251 fralla
456 2193 520 2265 vis,
542 2208 726 2270 contemptus
745 2190 849 2252 furor:
873 2190 941 2251 Me-

257 2275 343 2335 tellus
362 2291 460 2333 tamen
480 2270 621 2351 postulat,
642 2290 672 2331 ut
691 2272 744 2331 sibi
745 2270 878 2408 spostero
896 2271 941 2332 dic

258 2356 288 2412 in
312 2354 378 2414 foro
402 2354 610 2414 obnuntietur:
632 2352 702 2409 nihil
727 2367 783 2409 ete
811 2351 942 2431 qubdiu

258 2455 393 2515 campum
414 2431 498 2493 nolle
520 2435 685 2501 veniretur;
702 2429 735 2490 le
757 2430 831 2491 horai
850 2429 943 2511 primi

258 2519 288 2574 in
302 2517 421 2575 comitio
440 2514 503 2574 fore
514 2534 521 2572 :
533 2516 628 2593 iraque
647 2529 711 2571 ante
728 2510 806 2571 diem
826 2530 863 2572 xr
878 2511 943 2571 Kal.

211 2631 216 2647 ·
258 2598 288 2654 in
306 2599 457 2656 comitium
480 2594 556 2654 Milo
579 2594 614 2653 de
638 2591 720 2652 nolle
738 2593 846 2651 venit:
872 2589 943 2651 Me-

261 2676 346 2736 tellus
369 2698 434 2735 cum
456 2677 548 2754 prima
564 2674 627 2732 luce
647 2673 744 2732 furtim
763 2674 793 2731 in
808 2691 943 2752 campum

259 2757 408 2817 itineribus
427 2756 518 2835 prope
540 2753 631 2813 deviis
654 2751 803 2812 currebat:
822 2750 944 2832 allequi·

259 2856 305 2898 tur
324 2841 398 2898 inter
419 2838 498 2894 lucos
522 2833 672 2891 hominem
694 2834 769 2893 Milo
789 2852 798 2902 ;
825 2832 945 2892 obnun-

258 2922 328 2979 tiat:
349 2921 396 2978 ille
414 2915 442 2974 se
462 2915 599 2991 recepit,
621 2933 728 2993 magno
751 2913 781 2971 ὃ(
802 2916 880 2993 turpi
901 2910 946 2988 Q.

257 2998 351 3061 Flacci
371 2995 513 3058 convicio.
536 2991 614 3052 Ante
634 2994 713 3054 diem
734 3011 757 3053 x
777 2993 845 3054 Kal.
864 3013 943 3055 uuu-
