2117 3984
231 503 294 563 Ar>
311 494 518 563 Arrrcunr
534 498 619 567 Lrn.
636 500 716 569 VII.
748 522 815 595 273

145 604 305 669 sententiam
329 607 466 684 dixisset3
490 633 545 673 nec
567 635 614 675 me
639 616 675 675 ad
693 616 720 676 se
745 615 820 677 ussas

145 685 241 747 ineras
261 687 365 749 misisse
388 734 396 760 ‚
426 712 516 770 quum
534 694 571 752 ad
591 716 692 755 omnes
715 700 817 757 mitte·

145 785 206 825 reru.
226 767 341 828 Verum
363 770 499 830 dicebat:
520 774 557 832 ad
582 794 649 833 eum
669 778 746 834 enim
764 776 817 837 so·

145 845 214 918 lum,
230 847 263 907 &
285 849 322 907 ad
340 846 545 929 Crassipedem
568 874 628 913 non
645 854 819 935 scripseram.

145 923 232 1007 Atque
251 927 314 986 haec
340 928 377 989 de
398 931 481 992 rebus
496 931 686 993 forensibus:
711 935 818 995 redea-

145 1023 198 1065 mus
217 1006 350 1068 domum.
371 1007 533 1092 Dijungere
549 1033 596 1073 me
614 1014 717 1074 abillo
735 1017 820 1077 volo.

146 1081 226 1146 Mirus
246 1085 290 1147 est
309 1092 423 1168 pegaseis
443 1134 452 1163 ,
473 1111 623 1172 germanus
647 1095 788 1155 Lartidius
808 1117 819 1157 :

211 1190 290 1256 A’neia
301 1193 338 1256 τὶ
352 1197 398 1271 μὶν
410 1193 582 1272 πςοτιῖὅχθαι
596 1202 720 1274 iiraprr,
733 1196 818 1275 ἄχιῦ·

293 1299 365 1370 μυσί
381 1318 438 1369 trip·

145 1391 253 1476 Reliqua
275 1397 475 1476 expediamus.
496 1395 564 1458 Hoc
583 1400 707 1477 primum
729 1441 738 1468 ‚
757 1415 817 1475 quo

105 1541 109 1548 Ι
146 1478 249 1535 accessit
261 1496 332 1535 cura
344 1477 438 1537 dolori
451 1499 519 1537 meo
532 1524 541 1551 ‚
563 1478 612 1537 sed
629 1478 684 1535 hoc
696 1492 794 1534 tamen
807 1520 817 1549 ‚

146 1555 273 1636 quidquid
299 1554 341 1615 est
361 1602 370 1629 ‚
391 1558 566 1617 Praecianum
585 1577 650 1615 eum
672 1559 704 1613 iis
728 1558 818 1614 ratio·

143 1634 235 1710 nibus,
261 1656 334 1715 quas
350 1637 399 1696 ille
417 1659 497 1697 meas
517 1636 616 1697 tradat
637 1682 645 1709 ‚
667 1634 816 1695 admisceri

142 1715 222 1776 nolo:
239 1715 340 1797 scripsi
361 1719 397 1776 ad
414 1718 604 1789 Terentiam,
618 1716 714 1794 scripsi
729 1718 817 1775 eriam

142 1794 306 1876 adipsum,
329 1817 399 1869 me,
419 1798 559 1879 quidquid
586 1796 696 1876 possem
726 1816 817 1853 num·

141 1893 246 1935 morum
266 1920 277 1948 ‚
306 1875 343 1933 ad
369 1897 536 1957 apparatum
556 1876 658 1957 sperati
677 1876 815 1954 triumphi

140 1953 208 2015 edre
226 1954 418 2016 redaiiurum.
434 1957 485 2016 lsta
498 1976 570 2037 puto
584 1957 712 2033 ἅμιμπῖα
727 1956 790 2014 sore
806 1976 815 2016 r

138 2035 232 2094 rerum
255 2050 290 2093 ut
312 2035 433 2097 iubebit.
463 2038 547 2096 Hanc
574 2054 690 2115 quoque
709 2034 817 2113 suscipe

138 2113 819 2280 siin{ifl‘qissu‘ffiffiissifjffs{ni}

136 2291 167 2330 an
178 2273 305 2335 Athenis
318 2274 410 2336 datis?
427 2282 466 2337 Et
479 2281 508 2338 in
525 2300 555 2336 eo
568 2298 614 2357 ego
627 2291 652 2330 te
668 2275 819 2353 adjuvabo.

231 2391 400 2455 Crcrno
430 2395 596 2458 Arr1co
627 2395 715 2457 Snr.

132 2479 452 2575 2.Bnuun1s1urr
470 2518 603 2575 venimus
619 2532 670 2573 vu
690 2515 815 2576 Kalend.

132 2589 277 2655 Decemb.
294 2599 340 2654 usi
362 2596 410 2654 tui
430 2596 567 2656 felicitate
585 2597 756 2678 navigandi:
774 2599 814 2657 ita

129 2671 203 2734 helle
218 2675 304 2735 nobis
320 2677 402 2734 flavit
415 2677 449 2734 ab
466 2675 555 2756 Epiro
570 2676 731 2738 lenissimus
749 2674 816 2737 On·

127 2753 293 2815 chesmites.
311 2756 398 2814 Hunc
419 2756 630 2833 σπονῖκᾶζονῖα,
649 2761 736 2818 sicui
756 2779 817 2817 vo-

127 2833 168 2892 les
190 2844 241 2895 ηἳι
266 2838 394 2911 semiim»,
415 2856 468 2915 pro
491 2851 543 2894 tuo
568 2837 699 2898 vendito.
727 2836 816 2894 Inva-

124 2913 229 2973 letudo
253 2931 303 2973 rua
325 2934 373 2973 me
394 2915 478 2974 valde
500 2917 652 2975 conturbat
672 2938 681 2989 ;
706 2912 816 2994 signifi-

123 3011 192 3055 cant
210 2996 292 3058 enim
310 3009 368 3077 tuae
380 2994 479 3056 litterae
494 3012 523 3056 te
542 2995 655 3133 prorpps
673 2996 816 3087 iaborare.

663 3094 693 3151 ιι]
