2117 3984
104 393 114 446 ι
256 344 321 398 An
333 327 542 398 Arrrcurr
561 329 645 398 Lm.
664 326 695 397 I.
767 353 811 423 4¹

104 451 109 462 '
159 441 202 506 ries
210 443 303 506 nescio
317 462 355 504 an
369 442 538 519 tenesmon
554 446 636 518 riptst'r·
653 443 729 508 Nam
745 447 818 509 mihi

153 522 304 607 Pompeiani
312 523 462 604 prodromi
471 523 816 604 nuntiantmpertbpom.

148 609 232 686 pesum
250 604 396 678 ablutum,
412 601 549 664 Antonio
568 602 679 666 succedi
694 629 815 688 oporte.

144 707 194 761 re3
219 687 384 765 eodemque
405 701 541 763 tempore
563 703 581 740 a
601 704 630 745 et
652 707 753 766 pretor
775 690 813 750 ad

142 769 286 849 populum.
304 765 365 826 Res
385 762 529 842 ejusmodi
549 784 565 823 e
600 809 610 837 ‚
630 785 662 827 ut
684 787 740 850 ego
760 788 816 832 nee

141 869 188 929 per
201 849 370 919 bonorum,
387 865 442 905 nec
461 864 514 924 per
530 845 699 924 popularem
721 847 818 912 existi-

139 932 292 992 mationem
311 923 436 988 honeste
480 927 568 984 ossim
588 925 738 988 hominem
760 929 817 991 de-

89 1051 93 1070 .
137 1008 271 1082 sendere3
289 1028 349 1070 nec
367 1005 438 1066 mihi
458 948 569 1076 fibert,
589 1008 667 1086 quod
686 1011 734 1070 vel
754 1031 816 1072 mn·

135 1093 238 1154 nimum
264 1084 337 1149 est:
365 1086 476 1146 etenim
496 1086 599 1146 accidit
623 1087 708 1162 hoc,
734 1091 814 1171 quod

134 1185 219 1232 lotum
247 1165 416 1248 cujusmodi
446 1168 487 1226 sir
500 1210 516 1240 ‚-
542 1167 647 1228 mando
677 1171 755 1242 tibi,
783 1189 816 1234 ut

130 1252 294 1338 perspicias.
312 1247 464 1310 Libertum
481 1265 538 1327 ego
553 1246 646 1309 habeo
659 1293 669 1323 ‚
683 1249 748 1310 sane
763 1270 816 1314 ne-

135 1353 214 1414 quam
234 1330 415 1400 hominem;
433 1326 565 1387 Hilarum
587 1328 675 1401 dico,
696 1332 817 1404 ration-‚-

133 1430 290 1485 natotem,
304 1410 336 1469 δι
358 1410 495 1469 clientem
514 1425 615 1468 tuum:
633 1408 725 1469 deco
744 1410 820 1472 mihi

134 1489 272 1553 Valerius
292 1491 434 1570 interpres
450 1491 583 1562 nuntiat,
603 1485 769 1573 Chiliusque
785 1489 819 1554 se

137 1570 239 1636 eudiffe
258 1571 353 1632 scribit
376 1571 441 1629 heec
462 1590 472 1641 ;
497 1566 557 1629 esse
579 1569 727 1631 hominem
749 1592 817 1636 cnm

133 1651 265 1716 Antonio
286 1671 298 1724 ;
322 1649 487 1712 Antonium
513 1650 600 1729 porro
621 1652 651 1710 in
676 1652 817 1733 cogendis

131 1737 258 1816 pecuniis
278 1730 431 1806 diflitare,
449 1748 560 1811 partem
579 1732 653 1792 mihi
663 1734 767 1830 quari,
782 1733 817 1796 ἃ

131 1836 148 1876 a
163 1837 211 1878 me
233 1810 388 1876 custodem
408 1814 569 1875 communis
588 1812 705 1893 qeraslus
724 1813 815 1874 liber·

130 1910 193 1956 mm
217 1891 276 1957 else
302 1891 426 1953 millum.
450 1892 521 1954 Non
542 1892 601 1954 sum
628 1894 814 1956 mediocriter

134 1993 327 2047 commotus;
353 1994 448 2053 neque
476 1993 573 2036 tamen
600 1974 736 2035 credidi:
765 1973 817 2038 sed

140 2057 218 2116 certe
243 2054 348 2137 aliquid
373 2053 511 2117 sermonis
535 2054 609 2114 suin·
630 2054 741 2116 Totum
766 2056 818 2116 iu·

136 2135 265 2220 vestiga,
289 2135 454 2220 cognosce,
470 2132 623 2215 perspice,
644 2133 675 2192 δι
693 2133 818 2194 nebulo·

133 2238 199 2278 nem
220 2217 321 2290 illum,
342 2219 367 2276 si
388 2237 447 2304 quo
471 2214 555 2295 pasin
574 2230 683 2295 potes,
703 2233 740 2273 ex
762 2211 819 2276 istis

132 2298 200 2359 locis
213 2318 333 2360 amove.
344 2296 440 2374 Hujus
453 2295 592 2357 sermonis
605 2294 738 2355 Valerius
751 2315 818 2355 auc·

134 2395 225 2440 torem
248 2376 308 2440 Cn.
329 2375 478 2438 Plancium
497 2376 686 2437 nominabat:
707 2376 816 2440 mando

135 2459 180 2519 tibi
193 2460 302 2540 plane,
318 2477 414 2518 totum
430 2473 463 2516 ut
479 2460 579 2519 videas
596 2454 752 2534 cujusmodi
769 2460 817 2521 sit.

134 2537 304 2622 Pompeium
316 2539 402 2600 nobis
415 2540 616 2599 amicissimum
630 2536 736 2600 constat
746 2537 815 2602 esse.

135 2615 303 2682 Divottium
323 2619 433 2679 Muciae
454 2620 642 2682 vehementer
664 2620 814 2697 probatur.

136 2697 161 2762 Ρ.
178 2701 344 2775 Clodium,
363 2700 392 2759 A
414 2703 456 2781 pii
475 2698 590 2775 filium,
611 2700 698 2760 credo
717 2717 747 2760 te
766 2720 817 2758 au·

137 2780 225 2858 iisse,
254 2802 324 2844 cum
349 2723 429 2844 vesle
454 2783 586 2843 muliebri
608 2778 816 2860 deprehensum

139 2860 211 2926 lomi
230 2861 271 2931 C.
290 2861 435 2941 caesam,
453 2883 543 2946 quum
559 2886 613 2947 pto
634 2860 745 2943 populo
761 2856 816 2934 fite
