2117 3984
101 278 116 448 r

95 473 105 568 ,ι’
259 492 551 567 'ArrArrrcurr
572 495 658 574 L'ra.
677 497 709 575 1;
779 525 825 602 33

90 615 95 676 ἕ
155 659 158 664 >
230 617 405 696 Cicutio·
438 632 607 696 Attico
646 633 731 700 Str.

88 731 93 830 l
149 771 173 839 7.
183 719 318 824 Eamei
327 764 431 844 sponte
443 762 586 826 faciebam
597 771 731 845 anteas&
739 770 830 853 pltstj

88 841 91 898 ἓ
146 843 251 905 duabus
265 843 390 925 epistolis
405 848 462 905 tuis
479 846 684 929 perdiligenter
696 854 725 912 in
740 871 830 916 eante

145 924 212 985 dem
236 927 378 987 rationem
400 924 532 1006 scriptis,
560 948 737 1012 magnopere
758 933 819 996 sum

144 1023 305 1066 commotus
324 1026 332 1065 ε
356 1007 396 1067 eb
421 1006 577 1067 accedebnt
599 1011 731 1073 hortator
750 1016 821 1076 asti·

142 1086 210 1147 dnus
224 1083 394 1161 Sallustius,
410 1104 450 1148 ut·
459 1106 576 1169 agerem
595 1092 688 1171 quim·
699 1092 829 1176 diligen--

139 1168 245 1228 tissime
259 1188 328 1227 cum
345 1168 473 1229 Lucceio
489 1168 526 1229 de
539 1167 629 1231 vestra
640 1191 739 1236 vetere

138 1249 174 1307 tia
194 1248 436 1309 reconcilianda:
459 1246 530 1322 led,
551 1270 639 1331 quum
655 1257 754 1314 omnia
772 1254 824 1318 few

137 1326 253 1402 tillem,
273 1350 336 1388 non
352 1327 445 1389 modi>
461 1341 526 1389 e'am
540 1332 718 1395 voluntatem
735 1332 827 1413 εἰπε,

137 1429 199 1489 quae
216 1409 314 1470 fuerat
330 1428 400 1491 erga
420 1426 474 1483 te,
493 1429 661 1491 recuperare
681 1435 751 1475 non
762 1437 820 1495 po·

137 1492 206 1563 tui,
235 1493 342 1552 verum
371 1509 416 1550 ne·
433 1490 545 1550 causam
568 1494 686 1573 quidem
711 1496 818 1560 elicere

136 1570 296 1631 immutata
315 1571 486 1631 voluntatis.
515 1569 647 1634 Tametsi
665 1571 754 1652 jactat
770 1576 820 1640 ille

142 1650 263 1731 quidem
287 1650 361 1710 illud·
384 1650 469 1711 suum·
494 1651 640 1713 arbitrium
659 1691 677 1729 ‚·
699 1658 731 1715 dt
754 1670 818 1734 ea,

141 1750 226 1811 quae,
247 1728 308 1810 jam
330 1747 393 1791 tum
457 1752 508 1791 um
527 1733 626 1795 aderas
642 1779 653 1809 ,
668 1733 826 1801 offendere

138 1809 199 1889 ejus
218 1814 349 1871 animum
370 1814 430 1872 inte
452 1811 590 1894 igebam,
615 1832 713 1877 tamen
730 1817 818 1886 lubet

112 1946 117 1957 .
136 1889 282 1972 quiddam·
295 1889 448 1973 profellb,
470 1894 550 1974 quod
568 1898 659 1977 magis
673 1899 709 1956 in
719 1899 823 1961 animo

137 1970 198 2051 ejus
214 1973 370 2035 insederit:
389 1969 472 2054 quod
483 1994 580 2069 neque
595 1975 721 2055 epistolae
740 1996 796 2040 tuae
808 2021 827 2055 „

139 2052 364 2215 ‘tilliffzll
377 2054 830 2215 lelllrllffiltlslfi

146 2215 244 2288 tione,
262 2216 309 2275 led
323 2234 376 2276 tuo
394 2217 477 2277 vultu
493 2218 546 2276 illo
566 2217 698 2277 familiari
716 2219 821 2293 rolles;

142 2296 167 2354 si
185 2296 275 2357 modd
295 2300 365 2358 tanti
387 2298 500 2377 putabis
524 2297 555 2355 id
573 2316 583 2369 ;
606 2298 709 2376 quod,
728 2298 754 2355 si
772 2319 821 2361 me

139 2377 235 2439 audies
253 2418 273 2454 ,ι
292 2378 325 2440 &
345 2423 355 2451 ‚
383 2380 408 2437 si
428 2378 597 2438 humanitati
615 2397 673 2438 tuae
694 2374 830 2440 constare·

140 2458 218 2519 voles
237 2504 248 2533 ‚
270 2461 352 2520 certe
373 2458 498 2539 putabis.
521 2457 591 2532 Ac,
610 2478 653 2519 ne·
671 2457 749 2518 illud
766 2462 822 2520 rni-

141 2559 197 2601 rere
211 2580 231 2613 ,-
244 2560 315 2613 our,
334 2560 428 2620 quum
450 2558 508 2620 ego
527 2557 610 2599 antea
633 2536 821 2621 significarem

142 2620 186 2679 tibi
215 2642 271 2701 per
299 2622 411 2682 litteras
434 2665 444 2694 ‚
468 2639 517 2680 me
543 2620 655 2701 sperare
680 2621 819 2682 illumin

143 2700 228 2761 tolita
253 2699 399 2782 potestate
419 2699 505 2774 fore,
525 2722 602 2760 nunc
623 2701 701 2762 idem
719 2702 820 2764 videar

144 2780 265 2843 diffidere
285 2799 301 2856 ;'
319 2781 493 2843 incredibile
518 2780 590 2854 est,
615 2784 721 2863 quanti>
749 2785 822 2843 mihi

144 2863 266 2923 videatur
287 2864 372 2924 illius·
386 2864 521 2925 voluntus
537 2862 703 2924 obstinatior
713 2902 731 2935 ‚f
744 2863 830 2922 &m

145 2939 189 3001 lite
210 2944 361 3011 iracundia
389 2942 570 3004 obfirmatior
586 2965 604 3004 :·
621 2944 671 3004 sed
693 2945 823 3002 haec-aut

145 3021 331 3102 mabuntur,
352 3044 445 3107 quum
467 3028 581 3091 veneris
599 3043 681 3163 unfit
707 3026 735 3083 ei
760 3042 835 3089 moe‘

686 3123 710 3165 v·
