2117 3984
233 481 296 536 An
315 467 521 536 Arrtcum
540 465 626 534 Lm.
645 465 710 538 IV.
747 487 811 564 ²05

134 584 219 658 mei,
242 582 276 642 &
294 581 395 642 ludum
413 626 423 654 ,
444 581 476 640 δι
494 598 608 640 comem
630 585 738 644 tionem
759 583 818 645 Se-

132 665 275 724 leucianae
298 665 484 742 provinciae,
507 660 542 719 &
563 603 725 724 metercule
749 686 816 726 cum

133 741 249 804 Caesare
273 739 469 802 suavissimam
486 738 735 817 conjunfflonem3
754 745 815 804 haec

133 827 213 886 euim
229 841 278 882 me
294 842 352 881 una
367 841 403 882 ex
420 822 477 882 hoc
492 819 640 902 naufragio
658 823 753 884 tabuh
764 824 817 886 de·

134 903 234 966 leam:
246 905 297 983 qui
308 902 427 983 quidem
437 901 583 980 Quintum
595 923 711 976 meum,
725 922 817 964 tuum-

135 1004 212 1066 que,
227 983 268 1043 dii
282 982 374 1042 boni!
390 981 636 1064 quemadmodum
648 983 747 1043 tramat
760 985 816 1044 ho·

137 1085 228 1138 nore,
247 1061 412 1144 dignitate,
432 1062 545 1144 grafia?
567 1083 628 1120 non
649 1063 728 1123 secus
747 1067 822 1124 acsi·

138 1163 154 1206 e
174 1167 192 1205 ο
208 1142 299 1204 effem
311 1146 479 1223 imperator.
497 1142 653 1201 Hibemam
669 1145 817 1226 legionem

139 1165 263 1308 eEgendi
279 1227 365 1303 optio
387 1223 481 1283 delata
500 1225 712 1299 commodum,
732 1243 761 1284 ut
779 1225 817 1286 ad

139 1325 183 1366 me
207 1303 316 1364 scribit.
340 1304 427 1362 Hunc
454 1319 486 1362 tu
510 1324 572 1362 non
595 1324 673 1364 ames
694 1305 705 1364 ?
729 1325 818 1384 quem

140 1389 219 1468 igitur
240 1381 390 1446 istorum?
405 1382 464 1444 Sed
481 1383 555 1444 heus
571 1399 623 1456 tu,
644 1383 820 1464 scripseram·

140 1487 173 1536 ue
187 1465 243 1528 tibi
256 1484 311 1524 me
322 1461 378 1524 effe
394 1463 521 1545 legatum
536 1463 609 1522 Pom
650 1465 701 1523 io?
723 1465 754 1523 &
768 1487 820 1524 ex·

142 1565 180 1606 ua
197 1546 307 1606 urbem
333 1545 451 1625 quidem
474 1543 539 1603 fore
562 1563 597 1602 ex
633 1543 691 1602 dib.
712 1543 819 1605 Janua-

140 1625 207 1688 siis?
225 1625 323 1688 visum
344 1622 384 1684 est
401 1623 458 1683 hoc
479 1625 551 1683 mihi
573 1623 610 1682 ad
633 1625 722 1684 multa
746 1646 821 1704 qua·-

140 1707 229 1768 dnre.
249 1705 311 1768 Sed
329 1704 399 1786 quid
415 1704 495 1784 plura
516 1704 527 1763 ἓ
551 1702 671 1775 corum,
691 1708 821 1783 opinor,

140 1789 275 1870 reliqum
297 1801 330 1846 ut
353 1800 384 1844 tu
408 1801 505 1842 tamen
531 1784 637 1863 aliquid
664 1784 821 1865 exspemes.

141 1865 292 1949 Dionysio
313 1864 465 1946 plurimam
484 1862 602 1924 sulutem
615 1885 628 1936 ·,
643 1869 690 1924 cui'
703 1867 824 1945 quidem

143 1969 195 2032 ego
215 1969 278 2008 non
300 1947 392 2005 modb
410 1943 539 2017 servavi,
555 1943 603 2004 sed
623 1948 708 2004 etiam
723 1945 819 2006 aedifi-

144 2031 206 2089 cavi
227 2027 338 2088 locum.
370 2025 455 2105 Quid
474 2028 576 2106 quaeris
593 2025 608 2084 ἴ
628 2025 663 2084 ad
682 2024 822 2086 summam

147 2109 268 2169 lamiam
286 2127 406 2179 meam,
428 2127 514 2187 quam
532 2126 568 2165 ex
588 2121 640 2166 tuo
658 2105 749 2166 reditu
768 2127 822 2168 ca-

153 2193 221 2268 pio,
232 2209 347 2271 magnus
362 2187 437 2247 illius
453 2186 579 2246 adventu
594 2185 723 2244 cumulus
739 2204 824 2246 acce·

152 2269 200 2328 dit.
227 2267 299 2348 Quo
319 2269 366 2328 die
390 2268 426 2328 ad
448 2286 496 2328 me
513 2268 616 2326 venies
634 2310 643 2338 ,
664 2282 715 2337 tu,
733 2267 756 2325 si
769 2282 828 2326 me

147 2348 336 2430 amas,apud
352 2367 399 2408 me
421 2368 487 2407 cum
508 2350 563 2407 tuis
580 2364 708 2407 maneas.
