2117 3984
226 492 271 567 54
412 470 712 539 Emrozn·

220 604 269 645 me
295 582 455 644 honorifica
479 585 516 644 ad
540 603 569 645 te
597 583 787 663 scripseram:
813 582 876 646 bide

220 684 274 746 per
294 685 382 724 unum
401 664 544 740 servum,
567 664 683 724 &eum
702 684 738 723 ex
758 663 876 745 gladiats

219 746 265 804 rio
284 744 376 817 ludo,
397 744 523 806 confecit
543 761 638 806 totum
658 746 835 825 negotium:
855 767 876 806 n

220 827 339 886 cessivit
355 824 392 884 ad
413 824 462 898 se,
483 827 636 905 promisit,
656 824 876 899 intercessit,‹l

222 903 291 963 dil:
316 903 373 965 'am
393 906 466 965 vero
487 903 501 984 (
519 904 539 964 ὃ
558 905 596 963 dii
612 904 704 977 boni,
721 924 783 964 rem
803 903 876 984 perd

162 1000 165 1004 ’
221 927 329 1067 tamll
347 986 435 1045 etiam
453 984 552 1045 nolles
573 1004 713 1045 certarum
729 984 876 1045 mulienun

223 1082 309 1143 atque
335 1063 614 1125 adolescentulorum
643 1064 785 1124 nobilium
810 1068 876 1126 intr«

222 1142 389 1217 dufflones‚
399 1145 545 1205 nonnullis
561 1143 701 1223 judicibus
718 1166 771 1223 pro
793 1166 875 1206 mere

136 1293 138 1297 ¹
223 1223 268 1283 dis
285 1225 400 1284 cumulo
420 1224 547 1285 fuerunt.
566 1222 633 1296 lta,
653 1223 766 1284 summo
788 1223 876 1288 discel

223 1303 370 1364 bonorum
389 1350 400 1378 ‚
422 1307 511 1384 pleno
530 1304 596 1365 foro
616 1303 793 1378 servorum,
815 1303 875 1366 XX

222 1380 333 1464 judices
348 1383 488 1446 infortes
503 1402 601 1445 tamen
617 1382 753 1454 fuemnt,
769 1400 819 1458 ut,
834 1384 876 1448 sut

224 1485 277 1524 mo
292 1464 445 1546 proposito
463 1466 611 1547 periculo,
623 1461 673 1523 vel
689 1468 782 1542 perire
799 1463 876 1526 malu

226 1546 283 1603 rint
304 1589 313 1618 ‚
338 1544 425 1625 qulun
465 1543 566 1605 erdere
587 1545 694 1605 omnia.
718 1541 822 1602 XXXI
840 1542 876 1608 fn

225 1640 317 1695 runt,
343 1645 416 1705 quos
436 1567 528 1686 limes
554 1627 673 1705 magis,
699 1622 787 1702 quem
806 1621 876 1686 fame

225 1705 439 1763 commoverit:
462 1724 586 1783 quorum
609 1701 729 1762 Catulus
752 1722 876 1783 quumv

225 1780 307 1841 dillet
328 1782 497 1862 quemdam:
518 1782 601 1860 Quid
616 1804 692 1855 vos,
710 1784 822 1863 inquit,
836 1806 876 1866 pn

224 1862 328 1922 sidium
345 1884 361 1920 ι
376 1860 461 1920 nobis
475 1860 681 1940 postulabatis?
699 1883 755 1932 an,
772 1881 810 1921 ne
826 1882 876 1922 nm

223 1944 265 1999 mi
284 1940 370 2001 vobis
389 1944 586 2021 eriperentur,
606 1940 772 2001 timebatis?
792 1941 876 2004 Habe

223 2039 258 2081 ut
281 2021 450 2081 brevissime
471 2025 554 2102 potui
577 2064 587 2094 ‚
616 2042 705 2102 genus
725 2018 854 2098 judicii,

228 2100 339 2161 causam
353 2100 550 2162 absolutionis.
564 2101 681 2180 Quaeris
693 2100 848 2181 deinceps,
860 2122 876 2183 q

224 2199 302 2241 nunc
311 2183 355 2248 'sit
368 2180 455 2255 *status
472 2202 588 2255 rerum,
608 2184 640 2241 δί
654 2184 707 2260 -qul
719 2196 814 2241 meus.
833 2181 876 2244 Re

224 2262 349 2342 publicae
367 2260 469 2325 statum
486 2264 588 2335 illum,
605 2282 690 2341 quem
704 2279 735 2320 tu
752 2282 821 2321 meo
838 2284 875 2324 co

217 2342 313 2416 ¹silio,
333 2363 391 2424 ego
410 2344 509 2402 divino
532 2341 732 2401 confirmatum
751 2341 876 2421 putaban

225 2427 277 2503 qui
302 2423 447 2484 bonorum
470 2424 601 2481 omnium
621 2418 856 2497 conjunllione‚

185 2572 190 2578 ἣ
224 2501 391 2563 annositate
411 2501 572 2565 consulatfis
591 2505 648 2561 mei
669 2500 765 2576 fixus,
788 2504 820 2562 &
837 2502 876 2563 fin

219 2581 308 2647 ,datus
330 2582 509 2656 videbatur,
537 2584 591 2640 nisi
609 2584 671 2660 quis
692 2604 745 2641 nos
769 2582 840 2643 deus
857 2606 875 2644 τ

224 2660 373 2741 spexerit,
397 2660 524 2740 elapsum
546 2660 614 2720 scito
635 2659 690 2721 elle
717 2662 753 2721 de
777 2656 875 2723 manib

224 2760 285 2805 uno
307 2742 363 2801 hoc
381 2741 511 2818 judici03
527 2746 550 2799 si
564 2739 701 2819 judicium
718 2740 779 2815 est,
793 2745 876 2825 nigin

224 2821 360 2883 homines
386 2822 486 2900 populi
508 2820 633 2881 Romani
654 2822 847 2896 levissimos,

224 2902 415 2983 nequissimos
431 2947 441 2975 ‚
457 2902 614 2961 nummulis
639 2905 785 2981 acceptis,
807 2901 852 2979 jus
874 2950 875 2957 ,

222 2980 266 3044 fas
287 3002 374 3048 omne
396 2982 518 3058 delere,
541 2982 603 3058 δί,
629 2982 708 3068 quod
724 3004 828 3047 omnes
848 3005 876 3046 m
