2117 3984
255 506 325 602 356
446 505 746 576 Errsrorr
844 567 848 572 .

252 618 367 694 utitor,
387 638 436 680 me
451 637 604 701 expertem
620 620 690 681 belli
711 616 792 680 fuisse
813 636 823 691 ;
841 615 935 680 etsiid

255 720 287 760 re
304 699 484 781 perspetmm
501 700 561 776 est,
576 720 674 761 tamen
691 702 729 761 eb
740 699 862 779 scripsi,
880 701 935 779 que

253 781 282 839 in
310 780 458 841 suadendo
485 781 549 860 plus
578 778 749 842 auetoritat'rs
772 778 935 854 haberem3

253 859 419 941 ebdemque
446 863 602 940 pertinet,
626 861 707 939 qubd
736 857 849 920 causam
877 855 938 938 ejus

254 942 364 1020 probo.
382 938 439 1000 Sed
456 940 525 1019 quid
545 939 607 999 haec
623 960 700 999 nunc
722 938 733 998 ?
754 942 866 999 utinam
886 939 938 998 ali·

255 1021 326 1099 quid
344 1018 503 1100 profestum
518 1018 589 1080 effer
608 1040 616 1077 ε
638 1040 683 1078 nae
700 1039 758 1100 ego
776 1018 843 1080 istas
861 1020 939 1080 litte-

257 1120 303 1159 ras
321 1100 507 1160 inconcione
524 1100 634 1159 recitari
650 1099 761 1172 velim;
779 1101 805 1158 si
822 1099 938 1179 quidem

255 1180 305 1240 ille
324 1177 382 1260 ipse
400 1179 437 1238 ad
460 1179 597 1239 eumdem
624 1176 747 1239 scriberis
773 1180 804 1238 in
822 1177 938 1258 publicu,

256 1258 406 1400 {³:335}ss
419 1253 939 1419 {frssfssssssnrjffssffl’ffmss'fssffissrffl

297 1417 345 1480 *am
357 1361 433 1492 stuf,
452 1417 541 1499 qu⁸am
555 1416 711 1478 Africani?
729 1420 768 1478 ita
785 1434 849 1478 tem
872 1381 941 1492 esta}

269 1499 368 1559 erebat
381 1519 388 1557 ε
403 1500 426 1557 si
463 1498 561 1559 uidem
579 1499 666 1558 etiam
678 1519 734 1559 vos
749 1497 809 1558 duo
864 1507 896 1558 ες
907 1495 941 1558 a'd

248 1595 251 1599 ’
295 1580 387 1639 intum
396 1519 578 1637 miffirarium:
594 1578 662 1659 quid
673 1598 748 1636 nunc
758 1576 855 1656 ipsum
865 1577 940 1642 und&

255 1599 294 1719 pp
308 1659 458 1737 recipienti
477 1659 488 1718 ?
504 1658 574 1737 quid
592 1660 686 1739 agenti
702 1657 715 1718 t
731 1657 801 1737 quid
818 1655 942 1718 auaro?

299 1740 367 1797 autb
385 1756 482 1797 autem
497 1736 620 1797 ferocius
632 1738 681 1796 ille
698 1735 787 1796 causae
806 1736 863 1798 suae
875 1757 943 1798 cou-

279 1817 349 1888 det,·'
386 1837 455 1876 uum
473 1838 528 1876 vos
541 1860 551 1889 ‚
566 1837 655 1895 quum
665 1815 750 1876 vestri
760 1817 870 1877 similes
881 1831 941 1877 nou

257 1895 349 1954 modu
398 1913 559 1975 equentes‚
576 1895 625 1954 sed
652 1896 718 1956 laeto
739 1896 826 1955 vultu·
843 1915 943 1976 gratu·

257 1974 349 2034 lantes
376 1975 481 2036 viderit
505 1974 516 2034 ἓ
543 1973 623 2036 Num
648 1977 733 2058 igitur
756 1975 940 2055 peccamus?

256 2054 383 2115 'Minime
393 2077 447 2116 vos
461 2055 580 2137 quidem
593 2055 658 2115 :sed
669 2075 766 2115 tamen
776 2059 859 2137 sigua
871 2073 943 2116 con·

260 2135 428 2207 turbantur,
471 2136 554 2196 uibus
573 2138 705 2198 voluntas
725 2158 742 2193 a
760 2136 943 2196 simulatione

257 2212 394 2297 'distingui
412 2157 514 2295 poqset.
533 2214 611 2293 Quae
623 2217 695 2277 verb
705 2214 943 2276 senatusconsulta

258 2294 349 2355 video
361 2294 374 2372 ξ
387 2293 445 2355 Sed
462 2298 605 2376 apertius,
625 2295 711 2376 quam
725 2293 944 2375 proposueram.

258 2371 325 2456 Ego
345 2373 449 2454 Arpini
468 2375 540 2435 volo
557 2373 613 2435 effe
635 2375 726 2454 pridie
745 2375 812 2433 Kal.
836 2374 943 2436 deiude

259 2454 368 2513 circum
384 2456 495 2514 villulas
512 2453 619 2514 nostras
635 2474 749 2528 errare,
770 2475 842 2535 quas
862 2452 944 2516 uisu-

258 2539 321 2591 rum
340 2553 387 2592 me
402 2532 499 2613 postea
513 2534 671 2613 desperavi.
692 2533 790 2605 Εὸγιηῑ
808 2547 861 2612 tu'a·
873 2545 945 2593 eou-

261 2613 341 2684 silia,
353 2612 384 2670 &
397 2630 494 2675 tamen
513 2635 566 2694 pro
584 2613 762 2694 temporibus
779 2614 946 2674 uonincau

259 2707 306 2764 ta,
326 2692 396 2750 mihi
408 2694 494 2754 valde
510 2694 677 2772 probantur.
693 2693 807 2773 Lepido
825 2691 945 2774 quidem

261 2769 354 2853 (nam
373 2770 434 2831 fere
453 2772 672 2850 rursstaprtptv'oprr
691 2773 794 2853 :quod
819 2775 947 2856 gratissi·

261 2871 342 2911 mum
358 2851 399 2911 illi
418 2849 481 2931 est)
503 2870 661 2929 numquam
684 2854 788 2933 placuit
809 2874 847 2913 ex
866 2851 947 2913 Italia

262 2936 340 2992 exire
361 2930 473 3003 3Tullo
496 2931 589 2990 multu
607 2934 700 2991 minus
716 2954 723 2992 :
741 2933 844 2993 crebrb
868 2934 948 2993 euim

260 3012 334 3073 illius
353 3012 455 3074 littera
479 3011 514 3074 ab
539 3014 599 3073 aliis
622 3012 658 3071 ad
683 3034 737 3075 nos
768 3030 948 3074 commeant.
