2117 3984
190 468 264 537 410
375 419 683 509 Errsrorn
779 419 783 426 ¹

213 561 279 621 uim
306 559 331 616 si
356 553 552 616 Tusculanum
579 548 751 612 refecissem.
782 549 865 615 Volui

190 584 256 701 lis
273 637 456 719 quingentis:
474 634 522 715 egi
539 651 592 713 per
609 631 741 713 praedem
756 629 805 691 ille
824 630 868 690 da-

192 735 239 781 ret
253 764 263 793 ,
281 716 364 778 Annii
378 734 468 798 quurn
484 712 604 774 haberet
618 712 742 786 venale:
760 710 869 771 noluit:

193 800 244 861 sed
261 818 338 858 nunc
364 798 462 857 omnia
482 791 532 852 ista
550 790 644 872 jacere
665 809 738 873 puto
760 810 873 873 propter

196 898 385 949 nummorum
408 877 565 936 caritatem.
588 872 665 931 Mihi
688 871 810 952 quidem
829 874 877 933 erit

197 961 379 1040 aptissimum
391 1002 401 1031 ,
413 955 462 1017 vel
475 953 560 1013 nobis
576 954 694 1033 potilrs,
707 955 733 1012 si
749 969 782 1013 ru
798 972 878 1014 erne·

198 1043 247 1100 ris.
268 1037 326 1099 Sed
344 1035 406 1116 ejus
428 1035 588 1095 dementias
605 1052 678 1092 cave
696 1050 880 1094 contemnas:

200 1119 286 1190 valde
304 1115 345 1179 est
359 1114 532 1179 venusium:
593 1133 729 1193 amquam
744 1113 817 1185 milri
835 1111 882 1174 ista

203 1201 301 1263 omnia
319 1195 379 1276 'pam
400 1194 511 1256 addisla
525 1216 546 1255 v
588 1196 648 1253 'tati
662 1192 812 1254 videntur.
827 1191 883 1255 Re·

203 1279 306 1359 spondi
317 1275 545 1357 epistolis‘tribus
556 1294 566 1347 ;
585 1273 634 1333 sed
646 1272 701 1333 exs
717 1272 783 1335 edo
801 1273 882 1335 alias:

203 1379 272 1418 narn
295 1378 343 1418 me
365 1358 457 1417 adhuc
483 1374 540 1415 ruae
559 1355 661 1415 litterae
697 1352 882 1416 ostentarunt.

205 1437 287 1500 Data
303 1437 491 1500 Liberalibus.

309 1553 474 1617 Crcrruo
502 1553 676 1615 Arrrco
702 1554 791 1617 Sar.

213 1640 415 1737 roNrurr.
435 1674 597 1745 habebam,
614 1672 695 1753 quod
718 1671 891 1734 scriheremr

209 1775 305 1837 neque
318 1757 395 1814 enim
412 1757 483 1817 novi
500 1754 656 1834 quidquam
674 1752 844 1828 audieram,
861 1754 895 1815 δι

137 1865 140 1871 ·
212 1836 250 1896 ad
273 1853 335 1895 tuas
356 1854 459 1894 omnes
481 1833 678 1913 rescripseram
699 1832 802 1913 pridie.
834 1832 895 1894 Sed

213 1915 301 1996 quum
314 1932 361 1971 me
376 1914 515 1993 aegritudo
530 1935 591 1973 non
602 1912 695 1973 solum
709 1910 811 1972 somno
827 1916 896 1994 pri-

214 2010 327 2067 varet,
352 1994 456 2053 verum
482 2013 519 2053 ne
545 1993 665 2074 vigilare>
691 1991 808 2073 quidem
830 1994 896 2055 sine

215 2060 326 2134 summo
346 2072 448 2134 dolore
465 2090 630 2155 pateretur,
650 2091 746 2133 recum
764 2090 796 2133 ur
814 2075 897 2155 quasi

216 2155 373 2235 loquerer,
389 2156 490 2235 inquo
508 2176 567 2214 uno
586 2152 755 2233 acquiesco,
770 2153 828 2213 hoc
841 2174 897 2215 ne-

215 2233 274 2294 scio
301 2234 371 2315 quid
391 2281 401 2310 ,
425 2235 505 2296 nullo
528 2252 697 2317 argumento
718 2234 894 2315 proposito,

218 2311 338 2375 scribere
355 2313 468 2374 institui.
486 2315 598 2375 Amens
613 2315 685 2373 mihi
700 2312 776 2374 fuisse
789 2312 894 2374 videor

220 2393 237 2467 afr
257 2396 417 2476 principio,
435 2396 467 2455 ὅ(
482 2416 529 2455 me
547 2416 605 2455 una
622 2394 682 2454 haec
696 2415 741 2455 res
761 2410 898 2475 torquet,

221 2476 301 2560 qudd
325 2496 386 2534 non
409 2476 544 2535 omnibus
569 2479 598 2534 in
623 2474 707 2534 rebus
726 2474 898 2547 labentem,

220 2555 269 2615 vel
288 2556 384 2636 porilrs
407 2573 540 2616 ruentem
560 2555 730 2635 Pompeium
748 2569 898 2632 tamquam

220 2632 294 2694 rinus
310 2637 492 2715 manipularis
509 2633 619 2694 secutus
637 2637 699 2695 sim.
713 2631 784 2690 Vidi
795 2631 902 2692 horni-

221 2734 289 2773 nem
313 2733 374 2774 xrv
397 2716 462 2774 Kal.
484 2714 569 2773 Febr.
587 2716 705 2793 plenum
722 2710 902 2772 formidinis:

221 2792 273 2854 illo
293 2794 352 2875 ipso
371 2794 416 2853 die
435 2794 507 2854 sensi
527 2796 596 2872 quid
614 2811 731 2877 ageret:
746 2813 905 2873 numquam

223 2875 294 2935 mihi
317 2872 414 2955 postea
436 2874 542 2954 placuit
562 2895 572 2947 ;
593 2896 648 2936 nec
669 2893 810 2968 umquam
828 2871 907 2934 aliud

223 2956 255 3017 in
274 2956 331 3021 alio
353 2974 471 3037 peccare
492 2950 608 3020 destitit.
634 2954 715 3017 Nihil
734 2956 853 3017 rnrerinr
870 2950 908 3016 ad

89 3255 248 3509 L
