2117 3984
185 451 231 524 68
378 451 679 520 EPISTOLAE
773 483 775 488 ·

183 567 234 626 ille
248 585 339 625 annus
354 570 502 647 egregius:
519 564 581 643 ejus
597 567 711 624 initium
726 561 865 642 ejusmodi

187 645 259 717 fuit,
278 663 309 704 ut
326 646 514 706 anniversaria
529 645 605 704 sacta
621 644 787 704 Iuventutis
806 665 882 716 not¹

189 727 446 785 committerentur.
468 724 545 783 Nam
561 724 604 782 M.
621 725 730 785 Luculli
748 737 882 786 uxoren·-

185 804 346 864 Memmius
366 806 418 864 suis
435 805 517 865 sacris
540 806 671 864 initiavit.
697 804 868 880 Menelaus,

187 887 263 965 aegr'e
282 884 312 943 id
334 881 448 963 pallus,
469 885 627 942 divortium
652 882 739 944 fecit:
763 905 867 965 quam-

187 985 274 1044 quam
293 964 341 1022 ille
361 962 455 1042 pastor
473 962 566 1022 ldaeus
587 964 759 1023 Menelaum
778 963 867 1024 solun

187 1042 399 1121 contempserat
414 1065 423 1115 ;
441 1044 487 1103 hic
507 1042 601 1103 noster
621 1042 698 1102 Paris
716 1061 777 1102 tam
799 1044 872 1106 Me·

189 1124 328 1194 nelaum,
345 1122 431 1202 quam
454 1124 732 1203 Agamemnonem,
750 1123 870 1184 liberunt

189 1223 250 1262 non
269 1206 388 1283 putavit.
401 1201 448 1262 Est
460 1222 557 1263 autem
573 1201 610 1263 C.
627 1202 792 1263 Herennius
807 1205 870 1285 qni·

191 1281 259 1340 dam
276 1283 404 1341 tribunus
419 1284 533 1363 plebis,
552 1302 638 1361 quem
656 1301 688 1342 tu
705 1280 820 1344 fortaffe
834 1301 869 1344 ne

190 1360 265 1421 nosti
287 1363 431 1441 quidem:
452 1365 567 1422 tametsi
584 1378 668 1440 potes
689 1360 796 1435 nolle;
818 1364 870 1426 tri-,-

190 1441 264 1500 bulis
277 1444 356 1502 enim
366 1458 430 1503 tuus
446 1440 486 1502 est
496 1462 506 1513 3
515 1442 548 1500 δι
557 1440 680 1514 Sextus,
696 1460 779 1521 pater
793 1440 871 1522 ejus.

191 1543 328 1582 nummos
342 1523 427 1584 vobis
442 1522 571 1582 dividere
585 1520 705 1581 solebat.
720 1520 748 1580 Is
764 1523 801 1581 ad
843 1541 873 1582 ο·

192 1602 261 1661 bem
279 1600 311 1661 P.
329 1601 466 1662 Clodium
484 1602 628 1673 traducit3
643 1601 782 1681 idemque
859 1627 872 1678 ·,

192 1696 224 1738 ut
251 1680 397 1741 universus
427 1684 551 1760 populus
574 1683 604 1741 in
630 1700 734 1760 campo
760 1680 868 1742 Mattio

191 1756 353 1839 suffragium
373 1760 408 1820 de
432 1780 462 1819 re
486 1759 586 1819 Clodii
606 1758 687 1821 ferat.
709 1759 797 1820 Hunc
816 1780 871 1842 ego

192 1841 290 1917 accepi
312 1840 340 1896 in
363 1838 482 1909 senatu,
501 1856 533 1898 ut
552 1839 652 1900 soleo:
673 1839 722 1898 sed
742 1840 812 1898 nihil
833 1837 874 1898 est

192 1917 243 1976 illo
268 1917 386 1977 homine
408 1917 522 1977 lentius.
553 1917 689 1978 Metellus
715 1916 755 1977 est
778 1913 873 1980 consul

192 2001 345 2077 egregius,
362 1998 395 2055 ὃ(
409 2019 463 2056 nos
478 2015 571 2055 amat:
587 1997 636 2056 sed
651 1998 794 2056 imminuit
811 2017 875 2058 auo-

193 2077 341 2135 toritatem
363 2076 463 2150 suam,
487 2078 566 2157 quod
588 2077 674 2137 habet
696 2077 767 2136 dicis
790 2075 874 2138 causd

194 2158 406 2237 promulgatum
426 2157 496 2217 illud
513 2157 591 2219 idem
610 2157 647 2216 de
669 2154 789 2217 Clodio.
807 2157 875 2218 Auli

195 2257 293 2297 autem
315 2236 415 2312 filius,
444 2238 463 2298 ὃ
489 2238 528 2297 dii
553 2236 760 2296 immortales!
790 2236 875 2317 quim

194 2319 337 2398 ignavus,
357 2342 390 2379 ac
411 2322 470 2378 sine
489 2321 586 2377 animo
601 2318 703 2389 miles,
723 2315 811 2396 qudm
832 2317 877 2378 di·

195 2418 295 2478 gnus,
320 2404 367 2477 qui
395 2397 548 2469 Palicano,
573 2397 647 2455 sicut
667 2395 758 2468 facit,
782 2418 817 2456 os
841 2395 876 2456 ad

196 2477 271 2536 male
288 2477 462 2538 audiendum
478 2476 607 2558 quotidie
624 2475 769 2556 praebeat!
785 2474 814 2535 A
836 2497 879 2536 ta-

196 2557 236 2614 ria
258 2575 353 2616 autem
375 2559 556 2637 promulgata
574 2555 614 2615 est
633 2578 650 2615 a
669 2556 792 2627 Flavio,
812 2496 878 2616 dant

197 2634 292 2706 levis,
311 2635 414 2694 eadem
433 2637 517 2707 fere,
544 2657 607 2715 quae
624 2636 678 2697 fuit
696 2635 799 2696 Plotia.
819 2635 878 2696 Sed

200 2715 309 2773 interea
335 2716 470 2779 πολιτικδς
494 2715 555 2789 αἰνὴ
580 2714 620 2775 t’d’
648 2717 705 2793 lup
753 2715 880 2796 uisquam

202 2793 324 2853 inveniri
346 2791 439 2872 potest
462 2812 468 2850 :
497 2796 547 2872 qui
570 2811 709 2873 poterat,
732 2737 881 2856 <lamiliatis

200 2874 295 2934 noster
316 2870 329 2951 (
349 2875 387 2930 sic
406 2871 446 2932 est
462 2876 559 2943 enim;
576 2875 645 2933 volo
662 2893 690 2933 te
710 2876 765 2934 hoc
783 2874 880 2956 scire)

199 2951 354 3037 Pompeius
375 2952 505 3036 togulam
529 2952 608 3013 illam
632 2953 736 3036 pillum
762 2956 880 3021 silentio
