2117 3984
305 508 366 560 Ar>
384 492 596 560 Arrrcvnr
617 494 701 562 Lrn.
722 495 752 563 Ι.
820 498 867 588 67

207 612 248 688 pne
263 627 317 691 ego
340 609 408 668 huic
429 606 581 686 epistolae,
602 627 686 689 atque
703 612 805 692 ignoro
825 631 871 672 ra·

175 699 178 706 '
198 689 301 749 bellario
312 691 496 749 committam
511 708 518 745 :
536 705 621 767 atque
636 689 663 747 hi
683 690 773 767 (nolo
787 696 867 751 enim

196 786 218 829 re
233 768 432 850 permoveri)
454 789 514 827 non
534 766 598 827 sunt
618 769 798 847 permolesti‚
818 772 867 831 sed

194 867 282 910 lamen
308 850 459 920 insident,
484 848 517 906 &
548 866 675 922 urent,
705 850 737 907 &
765 853 867 912 nullius

192 932 306 990 amantis
334 930 487 1000 consilio,
512 945 561 986 aut
582 869 713 988 femme
739 932 868 1011 requies-

191 1027 263 1070 cunt.
282 1006 316 1068 ln
339 1009 490 1090 republica
510 1008 584 1067 verb
608 1030 781 1089 quamquam
804 1015 869 1071 ani-

189 1111 245 1149 mus
269 1087 311 1150 est
334 1089 483 1170 praesens,
509 1105 606 1146 tamen
627 1089 759 1149 voluntas
781 1094 869 1151 etiam

188 1186 265 1251 arque
276 1172 368 1230 etiam
379 1169 442 1250 ipsa
458 1167 631 1226 medicinam
644 1167 761 1249 effugit:
780 1192 868 1245 nam,

188 1270 214 1310 nt
229 1270 264 1310 ea
281 1252 439 1320 breviter,
459 1268 522 1326 quae
536 1243 607 1327 'post
623 1267 702 1308 tuum
719 1249 867 1311 discessum

141 1395 144 1408 ,
188 1328 240 1390 ecla
259 1329 355 1404 sunt,
384 1329 542 1408 colligam,
566 1325 623 1403 jam
643 1330 786 1388 exclames
808 1351 866 1390 ne-

141 1413 145 1484 ξ
189 1407 253 1470 celle
274 1407 340 1482 est,
361 1429 409 1469 res
427 1407 574 1467 Romanas
593 1407 696 1467 diutius
716 1409 787 1468 llare
806 1431 867 1470 non

191 1486 269 1570 polle.
281 1487 406 1550 Etenim
420 1485 485 1568 post
497 1484 705 1568 profedlionem
719 1506 797 1547 tuam
811 1492 870 1567 pri·

192 1589 270 1642 mus,
285 1585 316 1629 ut
337 1571 467 1649 opinor,
483 1569 615 1627 introirus
636 1566 689 1627 fuit
708 1571 737 1625 in
757 1568 868 1628 causam

196 1645 283 1710 fabula
298 1647 447 1710 Clodiana
467 1666 477 1719 ;
503 1649 533 1706 in
552 1667 608 1727 qua
626 1666 682 1726 ego
705 1646 820 1720 nadlus,
837 1665 869 1710 nc

199 1729 259 1788 nihi
272 1729 416 1802 videbar,
433 1727 531 1786 locum
547 1726 705 1787 resecandae
722 1727 867 1804 libidinis,

197 1809 225 1866 ἃ
242 1809 411 1870 coercendae
428 1804 605 1885 juventutis,
623 1809 782 1867 vehemens
804 1809 866 1882 fui,

194 1886 222 1946 δι
239 1909 341 1948 omnes
358 1886 480 1970 profudi
500 1890 574 1945 vires
592 1889 697 1959 animi,
718 1907 804 1967 arque
819 1891 867 1948 in·

193 1971 261 2046 genii
282 1971 369 2043 mei,
393 1987 454 2026 non
479 1965 549 2024 odio
567 1967 702 2025 addnclus
719 1965 836 2039 alicuius
858 2013 868 2041 ,

192 2045 236 2108 sed
248 2047 295 2128 spe
307 2048 473 2129 reipublicae
487 2047 680 2126 corrigenda,
693 2048 724 2103 &a
737 2046 867 2106 sanandae

194 2129 319 2189 civitatis.
348 2124 464 2188 Afflicla
490 2124 648 2204 respublica
673 2124 713 2185 est
744 2145 866 2206 empto,

194 2205 370 2288 stupratoque
383 2204 501 2285 judicio.
517 2206 616 2276 Vide,
637 2227 700 2284 quae
719 2209 774 2265 sint
792 2205 869 2284 post-

192 2306 225 2346 ea
237 2287 398 2351 consecuta.
417 2285 527 2346 Consul
543 2284 583 2344 est
599 2287 750 2363 impositus
773 2288 795 2342 is
815 2307 869 2343 no·

190 2368 252 2440 bis,
270 2389 358 2449 quem
374 2388 466 2427 nemo
487 2383 590 2446 praeter
607 2386 662 2423 nos
681 2362 869 2443 philosophos

188 2448 331 2529 adspicere
352 2452 415 2510 sine
442 2446 559 2526 suspirio
586 2443 685 2525 pollet.
715 2443 869 2521 Quantum

189 2527 240 2588 hoc
254 2529 380 2589 vulnus?
395 2527 483 2588 Facio
501 2523 742 2585 senatusconsulto
757 2525 792 2584 de
808 2547 869 2584 am·

187 2607 266 2683 bitu,
282 2609 320 2670 de
336 2608 471 2687 judiciis,
487 2608 564 2665 nulla
583 2608 630 2665 lex
649 2605 778 2684 perlata,
793 2627 866 2666 exa·

186 2692 286 2766 pitacus
309 2689 445 2762 senatus,
468 2687 581 2747 alienati
603 2689 713 2766 equites
730 2687 867 2747 Romani.

186 2769 230 2829 Sic
247 2771 297 2830 ille
318 2792 411 2831 annus
431 2767 490 2827 duo
505 2766 685 2827 firmamenta
704 2769 866 2848 reipublicae

185 2871 235 2929 per
260 2871 307 2910 me
333 2870 424 2911 unum
446 2846 619 2920 constituta,
645 2851 748 2907 evertit
768 2870 774 2906 :
798 2866 867 2904 nam

185 2932 215 2989 ὃ(
234 2929 347 2991 senariis
367 2928 567 2991 audloriratem
588 2925 714 3004 abjecit3
732 2928 763 2984 &
784 2925 867 2983 ordi·

184 3031 255 3072 num
268 3011 460 3076 concordiam
473 3006 617 3089 disiunxit.
630 3006 716 3069 Instat
732 3008 778 3066 hic
793 3026 869 3066 nunc
