2117 3984
187 428 254 527 158
365 426 676 498 Balarou

182 563 270 618 nere,
289 541 326 604 de
344 541 460 604 Lentuli
477 538 589 611 studio.
615 540 652 602 de
674 539 792 604 Maeni
804 561 839 608 v<

183 624 318 698 lautam,
342 622 379 684 de
402 639 466 684 tota
485 620 560 682 Pom
599 622 620 681 ‘i
638 625 774 699 ratione,

181 702 290 766 scribis.
312 704 345 765 ln
367 705 456 766 altera
473 701 545 784 epist
612 721 717 784 praeter
740 725 839 768 coum

183 785 317 846 tudinem
339 803 420 846 tuam
443 783 522 844 diem
544 803 605 844 non
629 783 790 860 adsta-ibin
818 785 839 850 su

183 864 250 927 satis
269 864 412 949 significas
425 881 560 945 tempus:
572 863 638 1003 lupe
654 867 732 926 enim
749 866 787 927 ab
802 865 839 930 ok

184 948 306 1007 tribunis
323 948 416 1028 plebia
433 945 598 1027 promulgat
628 990 638 1020 ,
655 945 754 1008 scribis
770 963 801 1010 te
820 969 838 1012 e

184 1027 292 1090 litteras
312 1047 351 1088 eo
370 1025 435 1108 ipso
453 1025 508 1103 dig
520 1023 649 1101 dediffe,
668 1025 762 1088 idest
787 1049 816 1090 a.

186 1125 224 1168 lv
243 1108 309 1168 Kal.
330 1107 481 1170 Novemb-
498 1105 531 1167 δι
549 1105 721 1248 quinullfiprutes
741 1109 839 1172 utilim

186 1207 252 1249 eam
273 1189 538 1271 promulgationem
559 1204 587 1247 at
660 1209 677 1249 e
697 1187 795 1250 scribis
808 1209 831 1250 a·

186 1289 258 1431 Ἐξ)
268 1271 292 1329 si
312 1272 400 1330 etiam
419 1265 515 1330 nostra
538 1265 611 1328 salus
637 1289 704 1330 cum
731 1268 839 1350 hac-k

259 1369 336 1411 erata
348 1354 402 1412 erit
413 1395 423 1425 ,
434 1350 525 1410 veiim
537 1369 592 1429 pro
604 1366 656 1410 tuo
668 1352 698 1410 in
711 1371 763 1412 me
772 1371 839 1414 aaa·

105 1441 112 1446 '
188 1431 263 1492 hanc
280 1435 397 1493 inanem
419 1451 515 1492 meam
534 1430 734 1512 diligentiam,
754 1429 839 1494 misen

187 1512 280 1575 bilem
302 1516 398 1595 potius
417 1558 427 1586 ‚
445 1511 533 1594 quim
552 1513 682 1592 ineptam
702 1530 788 1594 putes
801 1533 839 1574 :a

189 1593 232 1654 est
253 1594 360 1675 aliquid
377 1595 438 1675 spei
458 1639 468 1669 ,
498 1591 550 1653 des
573 1613 695 1674 operam
713 1611 745 1654 ut
765 1591 839 1676 maji

189 1675 338 1757 diligentii
348 1674 464 1757 posthac
475 1696 492 1734 a
505 1675 590 1734 novis
602 1671 812 1757 magistratibus
825 1675 839 1736 i

190 1754 353 1816 fendamur.
378 1755 456 1815 Nam
481 1775 516 1814 ea
539 1773 673 1815 veterum
694 1756 839 1818 tribunum

96 1901 99 1906 ,
191 1835 285 1916 plebis
307 1839 422 1917 rogatio
440 1837 493 1894 tria
512 1837 607 1914 capita
630 1835 728 1896 habuit
751 1857 762 1910 ;
787 1857 839 1898 um

193 1914 232 1975 de
252 1915 346 1976 reditu
367 1936 435 1976 meo
451 1961 464 1990 ‚
483 1913 620 1995 scriptum
640 1918 754 1978 incauti
776 1937 785 1976 ε
807 1921 839 1980 ai

192 1999 271 2056 enim
287 1995 457 2070 restituitur,
471 2015 576 2074 praeter
591 1999 759 2070 civitatem,
782 1997 839 2060 &a

193 2077 311 2150 dinem3
327 2077 407 2157 quod
422 2076 492 2136 mihi
508 2097 562 2156 pro
580 2097 649 2139 meo
662 2076 724 2137 casu
740 2077 806 2140 satis
823 2099 839 2142 e

194 2156 244 2220 sed
261 2178 325 2239 quae
340 2160 469 2220 cavenda
484 2156 613 2232 fuerint,
635 2158 667 2218 &
683 2179 742 2239 quo
763 2161 839 2222 moti

194 2257 224 2301 te
242 2262 303 2301 non
316 2239 398 2323 fugit.
412 2241 547 2301 Alterum
560 2257 646 2319 caput
658 2238 697 2299 est
711 2239 839 2302 tralatitia

197 2322 234 2382 de
255 2324 447 2403 impunitate,
464 2324 487 2380 si
508 2320 578 2400 quid
595 2338 695 2379 contra
713 2321 783 2382 alias
801 2321 839 2406 lep

197 2400 259 2481 ejus
274 2403 346 2484 legis
361 2404 433 2485 engi>
449 2399 555 2460 faulum
569 2402 614 2459 sit.
629 2398 764 2462 Tertium
778 2423 839 2486 capi

196 2485 239 2541 mi
258 2481 425 2564 Pomponi,
444 2503 503 2564 quo
523 2482 665 2555 consilio,
680 2482 713 2541 &
735 2504 753 2540 a
770 2503 831 2566 quo

196 2563 369 2623 inculcatum
388 2565 477 2625 vide:
495 2562 546 2623 scis
564 2563 642 2621 enim
660 2559 803 2623 Clodium
819 2563 839 2624 sa

196 2640 287 2711 niffe,
304 2660 335 2701 ut
347 2646 420 2717 vix,
438 2660 486 2703 aut
502 2645 625 2704 omnino
641 2664 703 2703 non
718 2641 814 2723 poffet
829 2665 839 2704 ι

196 2720 417 2805 persenam,
436 2744 490 2783 nec
509 2744 561 2805 per
582 2725 725 2804 populum
746 2723 839 2786 infirm

197 2802 246 2865 sua
265 2802 335 2865 lex:
355 2804 404 2864 sed
424 2805 508 2865 vides
528 2825 689 2886 numquam
709 2803 767 2865 effe
791 2808 839 2868 obi

198 2902 279 2946 vatas
302 2883 458 2946 sanniones
481 2906 580 2946 earum
603 2888 630 2946 le
652 2907 724 2960 um,
745 2907 839 2967 quaa

199 2986 393 3050 rogarentur:
413 2969 524 3030 namsi
549 2966 580 3027 id
603 2908 698 3043 diet,
723 2968 804 3034 nulla
827 2969 839 3030 i
