<?xml version="1.0" encoding="UTF-8"?>
<!DOCTYPE html PUBLIC "-//W3C//DTD XHTML 1.0 Transitional//EN"
    "http://www.w3.org/TR/xhtml1/DTD/xhtml1-transitional.dtd">
<html xmlns="http://www.w3.org/1999/xhtml" xml:lang="en" lang="en">
 <head>
  <title>
</title>
<meta http-equiv="Content-Type" content="text/html;charset=utf-8" />
  <meta name='ocr-system' content='tesseract 3.04.00' />
  <meta name='ocr-capabilities' content='ocr_page ocr_carea ocr_par ocr_line ocrx_word'/>
</head>
<body>
  <div class='ocr_page' id='page_1' title='image "./mtulliiciceroni03lallgoog_0134.png"; bbox 0 0 2117 3984; ppageno 0'>
   <div class='ocr_carea' id='block_1_1' title="bbox 263 335 870 433">
    <p class='ocr_par' dir='ltr' id='par_1_1' title="bbox 263 335 870 433">
     <span class='ocr_line' id='line_1_1' title="bbox 263 335 870 433; baseline 0.005 -25"><span class='ocrx_word' id='word_1_1' title='bbox 263 346 347 420; x_wconf 69' lang='lat' dir='ltr'>san</span> <span class='ocrx_word' id='word_1_2' title='bbox 369 335 687 406; x_wconf 75' lang='lat' dir='ltr'>ArrucvuLtu.</span> <span class='ocrx_word' id='word_1_3' title='bbox 708 336 757 406; x_wconf 84' lang='lat'>11.</span> <span class='ocrx_word' id='word_1_4' title='bbox 803 363 870 433; x_wconf 88' lang='lat'>127</span> 
     </span>
    </p>
   </div>
   <div class='ocr_carea' id='block_1_2' title="bbox 190 449 872 628">
    <p class='ocr_par' dir='ltr' id='par_1_2' title="bbox 190 449 872 628">
     <span class='ocr_line' id='line_1_2' title="bbox 190 449 872 594; baseline 0.004 -81"><span class='ocrx_word' id='word_1_5' title='bbox 190 449 364 594; x_wconf 38' lang='lat' dir='ltr'>&amp;Bibulo</span> <span class='ocrx_word' id='word_1_6' title='bbox 387 450 498 548; x_wconf 76' lang='lat' dir='ltr'>consuli</span> <span class='ocrx_word' id='word_1_7' title='bbox 518 449 660 544; x_wconf 72' lang='lat' dir='ltr'>adspirare</span> <span class='ocrx_word' id='word_1_8' title='bbox 681 471 741 512; x_wconf 89' lang='lat' dir='ltr'>uon</span> <span class='ocrx_word' id='word_1_9' title='bbox 760 451 872 548; x_wconf 67' lang='lat' dir='ltr'>liceret.</span> 
     </span>
     <span class='ocr_line' id='line_1_3' title="bbox 239 530 870 628; baseline 0.005 -35"><span class='ocrx_word' id='word_1_10' title='bbox 239 533 293 594; x_wconf 84' lang='lat' dir='ltr'>ulle</span> <span class='ocrx_word' id='word_1_11' title='bbox 308 554 437 627; x_wconf 72' lang='lat' dir='ltr'>omma,</span> <span class='ocrx_word' id='word_1_12' title='bbox 455 551 520 628; x_wconf 72' lang='lat' dir='ltr'>que</span> <span class='ocrx_word' id='word_1_13' title='bbox 538 531 656 605; x_wconf 78' lang='lat' dir='ltr'>voluit,</span> <span class='ocrx_word' id='word_1_14' title='bbox 675 530 712 594; x_wconf 92' lang='lat' dir='ltr'>de</span> <span class='ocrx_word' id='word_1_15' title='bbox 721 533 870 613; x_wconf 83' lang='lat' dir='ltr'>republica</span> 
     </span>
    </p>
   </div>
   <div class='ocr_carea' id='block_1_3' title="bbox 182 610 870 3010">
    <p class='ocr_par' dir='ltr' id='par_1_3' title="bbox 182 610 870 3010">
     <span class='ocr_line' id='line_1_4' title="bbox 185 610 867 696; baseline 0.006 -22"><span class='ocrx_word' id='word_1_16' title='bbox 185 613 357 689; x_wconf 57' lang='lat' dir='ltr'>deiude,</span> <span class='ocrx_word' id='word_1_17' title='bbox 387 633 440 693; x_wconf 87' lang='lat' dir='ltr'>qm</span> <span class='ocrx_word' id='word_1_18' title='bbox 464 613 534 673; x_wconf 80' lang='lat' dir='ltr'>illuc</span> <span class='ocrx_word' id='word_1_19' title='bbox 559 610 649 672; x_wconf 73' lang='lat' dir='ltr'>fadus</span> <span class='ocrx_word' id='word_1_20' title='bbox 673 610 867 696; x_wconf 78' lang='lat' dir='ltr'>institutusque</span> 
     </span>
     <span class='ocr_line' id='line_1_5' title="bbox 183 691 866 776; baseline 0.004 -21"><span class='ocrx_word' id='word_1_21' title='bbox 183 693 312 769; x_wconf 73' lang='lat' dir='ltr'>uenisset,</span> <span class='ocrx_word' id='word_1_22' title='bbox 328 695 462 776; x_wconf 81' lang='lat' dir='ltr'>primum</span> <span class='ocrx_word' id='word_1_23' title='bbox 479 691 656 773; x_wconf 80' lang='lat' dir='ltr'>Caepionem</span> <span class='ocrx_word' id='word_1_24' title='bbox 674 692 711 753; x_wconf 93' lang='lat' dir='ltr'>de</span> <span class='ocrx_word' id='word_1_25' title='bbox 734 697 866 758; x_wconf 82' lang='lat' dir='ltr'>oratione</span> 
     </span>
     <span class='ocr_line' id='line_1_6' title="bbox 182 772 868 857; baseline 0.004 -22"><span class='ocrx_word' id='word_1_26' title='bbox 182 773 224 835; x_wconf 87' lang='lat' dir='ltr'>sua</span> <span class='ocrx_word' id='word_1_27' title='bbox 235 774 372 850; x_wconf 85' lang='lat' dir='ltr'>sustulit,</span> <span class='ocrx_word' id='word_1_28' title='bbox 391 794 481 857; x_wconf 89' lang='lat' dir='ltr'>quem</span> <span class='ocrx_word' id='word_1_29' title='bbox 495 776 526 834; x_wconf 90' lang='lat' dir='ltr'>in</span> <span class='ocrx_word' id='word_1_30' title='bbox 540 772 638 838; x_wconf 87' lang='lat' dir='ltr'>senam</span> <span class='ocrx_word' id='word_1_31' title='bbox 657 776 796 835; x_wconf 74' lang='lat' dir='ltr'>acerrime</span> <span class='ocrx_word' id='word_1_32' title='bbox 813 797 868 838; x_wconf 90' lang='lat' dir='ltr'>no·</span> 
     </span>
     <span class='ocr_line' id='line_1_7' title="bbox 182 853 870 936; baseline 0.004 -22"><span class='ocrx_word' id='word_1_33' title='bbox 182 858 321 929; x_wconf 80' lang='lat' dir='ltr'>minarat3</span> <span class='ocrx_word' id='word_1_34' title='bbox 342 874 377 918; x_wconf 90' lang='lat' dir='ltr'>ut</span> <span class='ocrx_word' id='word_1_35' title='bbox 398 871 573 936; x_wconf 78' lang='lat' dir='ltr'>appareret,</span> <span class='ocrx_word' id='word_1_36' title='bbox 588 853 725 927; x_wconf 71' lang='lat' dir='ltr'>nostem,</span> <span class='ocrx_word' id='word_1_37' title='bbox 742 855 774 915; x_wconf 89' lang='lat'>&amp;</span> <span class='ocrx_word' id='word_1_38' title='bbox 793 876 870 917; x_wconf 88' lang='lat' dir='ltr'>noc·</span> 
     </span>
     <span class='ocr_line' id='line_1_8' title="bbox 182 932 869 1018; baseline 0.001 -22"><span class='ocrx_word' id='word_1_39' title='bbox 182 949 287 996; x_wconf 86' lang='lat' dir='ltr'>turuam</span> <span class='ocrx_word' id='word_1_40' title='bbox 305 936 549 1018; x_wconf 88' lang='lat' dir='ltr'>deprecationem</span> <span class='ocrx_word' id='word_1_41' title='bbox 564 932 769 996; x_wconf 79' lang='lat' dir='ltr'>intercessisse:</span> <span class='ocrx_word' id='word_1_42' title='bbox 787 935 869 997; x_wconf 90' lang='lat' dir='ltr'>dein·</span> 
     </span>
     <span class='ocr_line' id='line_1_9' title="bbox 184 1016 867 1099; baseline 0.001 -22"><span class='ocrx_word' id='word_1_43' title='bbox 184 1016 231 1090; x_wconf 83' lang='lat' dir='ltr'>de,</span> <span class='ocrx_word' id='word_1_44' title='bbox 246 1039 326 1099; x_wconf 87' lang='lat' dir='ltr'>quos</span> <span class='ocrx_word' id='word_1_45' title='bbox 345 1022 379 1077; x_wconf 90' lang='lat' dir='ltr'>in</span> <span class='ocrx_word' id='word_1_46' title='bbox 394 1016 495 1078; x_wconf 89' lang='lat' dir='ltr'>senatu</span> <span class='ocrx_word' id='word_1_47' title='bbox 510 1033 548 1075; x_wconf 90' lang='lat' dir='ltr'>ne</span> <span class='ocrx_word' id='word_1_48' title='bbox 565 1016 730 1077; x_wconf 68' lang='lat' dir='ltr'>tenuissimi</span> <span class='ocrx_word' id='word_1_49' title='bbox 746 1018 867 1098; x_wconf 90' lang='lat' dir='ltr'>quidem</span> 
     </span>
     <span class='ocr_line' id='line_1_10' title="bbox 184 1095 867 1180; baseline 0.001 -24"><span class='ocrx_word' id='word_1_50' title='bbox 184 1095 336 1177; x_wconf 81' lang='lat' dir='ltr'>suspicione</span> <span class='ocrx_word' id='word_1_51' title='bbox 356 1100 516 1180; x_wconf 81' lang='lat' dir='ltr'>attigerat,</span> <span class='ocrx_word' id='word_1_52' title='bbox 533 1116 586 1158; x_wconf 81' lang='lat' dir='ltr'>eos</span> <span class='ocrx_word' id='word_1_53' title='bbox 607 1098 790 1172; x_wconf 88' lang='lat' dir='ltr'>nominavit,</span> <span class='ocrx_word' id='word_1_54' title='bbox 803 1097 867 1158; x_wconf 89' lang='lat' dir='ltr'>Lu·</span> 
     </span>
     <span class='ocr_line' id='line_1_11' title="bbox 186 1174 867 1260; baseline 0.004 -22"><span class='ocrx_word' id='word_1_55' title='bbox 186 1178 311 1255; x_wconf 74' lang='lat' dir='ltr'>edom,</span> <span class='ocrx_word' id='word_1_56' title='bbox 339 1199 359 1238; x_wconf 91' lang='lat' dir='ltr'>a</span> <span class='ocrx_word' id='word_1_57' title='bbox 381 1199 443 1260; x_wconf 91' lang='lat' dir='ltr'>quo</span> <span class='ocrx_word' id='word_1_58' title='bbox 463 1176 580 1238; x_wconf 88' lang='lat' dir='ltr'>solimm</span> <span class='ocrx_word' id='word_1_59' title='bbox 605 1174 661 1238; x_wconf 83' lang='lat' dir='ltr'>effe</span> <span class='ocrx_word' id='word_1_60' title='bbox 684 1176 769 1238; x_wconf 88' lang='lat' dir='ltr'>adse</span> <span class='ocrx_word' id='word_1_61' title='bbox 790 1181 867 1241; x_wconf 88' lang='lat' dir='ltr'>mitti</span> 
     </span>
     <span class='ocr_line' id='line_1_12' title="bbox 187 1255 862 1339; baseline 0.003 -22"><span class='ocrx_word' id='word_1_62' title='bbox 187 1255 217 1317; x_wconf 73' lang='lat' dir='ltr'>C</span> <span class='ocrx_word' id='word_1_63' title='bbox 232 1257 405 1334; x_wconf 84' lang='lat' dir='ltr'>Fannium,</span> <span class='ocrx_word' id='word_1_64' title='bbox 429 1258 533 1331; x_wconf 84' lang='lat' dir='ltr'>issum,</span> <span class='ocrx_word' id='word_1_65' title='bbox 551 1259 600 1339; x_wconf 88' lang='lat' dir='ltr'>qui</span> <span class='ocrx_word' id='word_1_66' title='bbox 619 1259 649 1317; x_wconf 91' lang='lat' dir='ltr'>in</span> <span class='ocrx_word' id='word_1_67' title='bbox 671 1256 702 1317; x_wconf 87' lang='lat' dir='ltr'>P.</span> <span class='ocrx_word' id='word_1_68' title='bbox 720 1256 862 1321; x_wconf 77' lang='lat' dir='ltr'>Clodium</span> 
     </span>
     <span class='ocr_line' id='line_1_13' title="bbox 187 1335 867 1421; baseline 0 -22"><span class='ocrx_word' id='word_1_69' title='bbox 187 1335 394 1421; x_wconf 82' lang='lat' dir='ltr'>subscripserat3</span> <span class='ocrx_word' id='word_1_70' title='bbox 407 1336 440 1399; x_wconf 78' lang='lat' dir='ltr'>L.</span> <span class='ocrx_word' id='word_1_71' title='bbox 454 1337 636 1411; x_wconf 87' lang='lat' dir='ltr'>Domitium,</span> <span class='ocrx_word' id='word_1_72' title='bbox 650 1335 730 1415; x_wconf 78' lang='lat' dir='ltr'>cujus</span> <span class='ocrx_word' id='word_1_73' title='bbox 744 1338 867 1399; x_wconf 92' lang='lat' dir='ltr'>domum</span> 
     </span>
     <span class='ocr_line' id='line_1_14' title="bbox 188 1417 866 1496; baseline 0.003 -19"><span class='ocrx_word' id='word_1_74' title='bbox 188 1419 363 1482; x_wconf 86' lang='lat' dir='ltr'>rmstitutam</span> <span class='ocrx_word' id='word_1_75' title='bbox 385 1418 467 1479; x_wconf 69' lang='lat' dir='ltr'>fuisse</span> <span class='ocrx_word' id='word_1_76' title='bbox 488 1464 498 1493; x_wconf 87' lang='lat'>,</span> <span class='ocrx_word' id='word_1_77' title='bbox 524 1419 602 1479; x_wconf 91' lang='lat' dir='ltr'>unde</span> <span class='ocrx_word' id='word_1_78' title='bbox 622 1421 737 1496; x_wconf 89' lang='lat' dir='ltr'>eruptio</span> <span class='ocrx_word' id='word_1_79' title='bbox 758 1417 866 1480; x_wconf 87' lang='lat' dir='ltr'>fieret:</span> 
     </span>
     <span class='ocr_line' id='line_1_15' title="bbox 188 1497 867 1572; baseline -0.001 -12"><span class='ocrx_word' id='word_1_80' title='bbox 188 1517 307 1570; x_wconf 82' lang='lat' dir='ltr'>menon</span> <span class='ocrx_word' id='word_1_81' title='bbox 332 1502 498 1561; x_wconf 88' lang='lat' dir='ltr'>nominavit</span> <span class='ocrx_word' id='word_1_82' title='bbox 515 1519 524 1572; x_wconf 91' lang='lat'>;</span> <span class='ocrx_word' id='word_1_83' title='bbox 549 1498 598 1568; x_wconf 81' lang='lat' dir='ltr'>sed</span> <span class='ocrx_word' id='word_1_84' title='bbox 619 1499 711 1572; x_wconf 86' lang='lat' dir='ltr'>dixit,</span> <span class='ocrx_word' id='word_1_85' title='bbox 731 1497 867 1559; x_wconf 86' lang='lat' dir='ltr'>consula·</span> 
     </span>
     <span class='ocr_line' id='line_1_16' title="bbox 189 1578 866 1654; baseline 0 -14"><span class='ocrx_word' id='word_1_86' title='bbox 189 1599 238 1640; x_wconf 81' lang='lat' dir='ltr'>tent</span> <span class='ocrx_word' id='word_1_87' title='bbox 252 1581 420 1654; x_wconf 83' lang='lat' dir='ltr'>disertum,</span> <span class='ocrx_word' id='word_1_88' title='bbox 440 1583 569 1641; x_wconf 80' lang='lat' dir='ltr'>vicinum</span> <span class='ocrx_word' id='word_1_89' title='bbox 586 1578 728 1650; x_wconf 87' lang='lat' dir='ltr'>consulis,</span> <span class='ocrx_word' id='word_1_90' title='bbox 749 1581 801 1640; x_wconf 84' lang='lat' dir='ltr'>sibi</span> <span class='ocrx_word' id='word_1_91' title='bbox 821 1581 866 1640; x_wconf 90' lang='lat' dir='ltr'>di-</span> 
     </span>
     <span class='ocr_line' id='line_1_17' title="bbox 190 1659 864 1740; baseline 0.004 -20"><span class='ocrx_word' id='word_1_92' title='bbox 190 1659 273 1736; x_wconf 81' lang='lat' dir='ltr'>xisse,</span> <span class='ocrx_word' id='word_1_93' title='bbox 300 1662 430 1723; x_wconf 81' lang='lat' dir='ltr'>Ahalam</span> <span class='ocrx_word' id='word_1_94' title='bbox 456 1661 609 1722; x_wconf 80' lang='lat' dir='ltr'>Servilium</span> <span class='ocrx_word' id='word_1_95' title='bbox 630 1661 755 1740; x_wconf 80' lang='lat' dir='ltr'>aliquem</span> <span class='ocrx_word' id='word_1_96' title='bbox 778 1704 788 1734; x_wconf 94' lang='lat'>,</span> <span class='ocrx_word' id='word_1_97' title='bbox 815 1678 864 1723; x_wconf 88' lang='lat' dir='ltr'>aut</span> 
     </span>
     <span class='ocr_line' id='line_1_18' title="bbox 193 1738 865 1824; baseline 0.006 -24"><span class='ocrx_word' id='word_1_98' title='bbox 193 1738 300 1804; x_wconf 82' lang='lat' dir='ltr'>Brutum</span> <span class='ocrx_word' id='word_1_99' title='bbox 317 1763 396 1824; x_wconf 83' lang='lat' dir='ltr'>opur</span> <span class='ocrx_word' id='word_1_100' title='bbox 413 1739 470 1804; x_wconf 80' lang='lat' dir='ltr'>esse</span> <span class='ocrx_word' id='word_1_101' title='bbox 487 1743 614 1821; x_wconf 85' lang='lat' dir='ltr'>reperiri.</span> <span class='ocrx_word' id='word_1_102' title='bbox 626 1739 748 1802; x_wconf 85' lang='lat' dir='ltr'>Addidit</span> <span class='ocrx_word' id='word_1_103' title='bbox 760 1742 797 1802; x_wconf 90' lang='lat' dir='ltr'>ad</span> <span class='ocrx_word' id='word_1_104' title='bbox 812 1763 865 1804; x_wconf 85' lang='lat' dir='ltr'>ex·</span> 
     </span>
     <span class='ocr_line' id='line_1_19' title="bbox 192 1818 863 1905; baseline 0.001 -22"><span class='ocrx_word' id='word_1_105' title='bbox 192 1835 325 1899; x_wconf 78' lang='lat' dir='ltr'>murum,</span> <span class='ocrx_word' id='word_1_106' title='bbox 347 1843 458 1905; x_wconf 81' lang='lat' dir='ltr'>quum,</span> <span class='ocrx_word' id='word_1_107' title='bbox 477 1818 537 1901; x_wconf 83' lang='lat' dir='ltr'>jam</span> <span class='ocrx_word' id='word_1_108' title='bbox 556 1822 670 1884; x_wconf 71' lang='lat' dir='ltr'>dimissi</span> <span class='ocrx_word' id='word_1_109' title='bbox 691 1826 833 1884; x_wconf 85' lang='lat' dir='ltr'>concione</span> <span class='ocrx_word' id='word_1_110' title='bbox 853 1853 863 1899; x_wconf 56' lang='grc' dir='ltr'><strong>ς</strong></span> 
     </span>
     <span class='ocr_line' id='line_1_20' title="bbox 192 1900 865 1977; baseline 0.003 -13"><span class='ocrx_word' id='word_1_111' title='bbox 192 1921 331 1966; x_wconf 82' lang='lat' dir='ltr'>reuocatus</span> <span class='ocrx_word' id='word_1_112' title='bbox 352 1927 370 1964; x_wconf 86' lang='lat' dir='ltr'>a</span> <span class='ocrx_word' id='word_1_113' title='bbox 393 1903 516 1964; x_wconf 83' lang='lat' dir='ltr'>Vatinio</span> <span class='ocrx_word' id='word_1_114' title='bbox 537 1901 651 1977; x_wconf 78' lang='lat' dir='ltr'>fuisset,</span> <span class='ocrx_word' id='word_1_115' title='bbox 671 1900 700 1962; x_wconf 88' lang='lat' dir='ltr'>se</span> <span class='ocrx_word' id='word_1_116' title='bbox 720 1902 825 1970; x_wconf 77' lang='lat' dir='ltr'>audisse</span> <span class='ocrx_word' id='word_1_117' title='bbox 847 1928 865 1966; x_wconf 90' lang='lat' dir='ltr'>a</span> 
     </span>
     <span class='ocr_line' id='line_1_21' title="bbox 195 1979 867 2059; baseline -0.001 -15"><span class='ocrx_word' id='word_1_118' title='bbox 195 1979 333 2059; x_wconf 71' lang='lat' dir='ltr'>Curione,</span> <span class='ocrx_word' id='word_1_119' title='bbox 356 1985 401 2044; x_wconf 83' lang='lat' dir='ltr'>his</span> <span class='ocrx_word' id='word_1_120' title='bbox 422 1984 459 2045; x_wconf 94' lang='lat' dir='ltr'>de</span> <span class='ocrx_word' id='word_1_121' title='bbox 480 1985 565 2043; x_wconf 85' lang='lat' dir='ltr'>rebus</span> <span class='ocrx_word' id='word_1_122' title='bbox 583 1984 729 2044; x_wconf 90' lang='lat' dir='ltr'>conscium</span> <span class='ocrx_word' id='word_1_123' title='bbox 745 1983 801 2045; x_wconf 86' lang='lat' dir='ltr'>esse</span> <span class='ocrx_word' id='word_1_124' title='bbox 820 1983 867 2043; x_wconf 90' lang='lat' dir='ltr'>Pi·</span> 
     </span>
     <span class='ocr_line' id='line_1_22' title="bbox 196 2061 867 2148; baseline 0.001 -26"><span class='ocrx_word' id='word_1_125' title='bbox 196 2061 285 2124; x_wconf 88' lang='lat' dir='ltr'>sonem</span> <span class='ocrx_word' id='word_1_126' title='bbox 302 2085 442 2148; x_wconf 83' lang='lat' dir='ltr'>generum</span> <span class='ocrx_word' id='word_1_127' title='bbox 466 2084 588 2139; x_wconf 90' lang='lat' dir='ltr'>meum,</span> <span class='ocrx_word' id='word_1_128' title='bbox 611 2065 642 2124; x_wconf 73' lang='grc' dir='ltr'>ὃ(</span> <span class='ocrx_word' id='word_1_129' title='bbox 663 2062 708 2121; x_wconf 87' lang='grc' dir='ltr'>Μ.</span> <span class='ocrx_word' id='word_1_130' title='bbox 726 2061 867 2124; x_wconf 86' lang='lat' dir='ltr'>Lateren-</span> 
     </span>
     <span class='ocr_line' id='line_1_23' title="bbox 191 2140 868 2225; baseline 0 -22"><span class='ocrx_word' id='word_1_131' title='bbox 191 2141 251 2204; x_wconf 87' lang='lat' dir='ltr'>sem.</span> <span class='ocrx_word' id='word_1_132' title='bbox 268 2144 351 2206; x_wconf 88' lang='lat' dir='ltr'>Nunc</span> <span class='ocrx_word' id='word_1_133' title='bbox 371 2166 438 2206; x_wconf 88' lang='lat' dir='ltr'>reus</span> <span class='ocrx_word' id='word_1_134' title='bbox 455 2164 516 2205; x_wconf 86' lang='lat' dir='ltr'>erar</span> <span class='ocrx_word' id='word_1_135' title='bbox 533 2145 610 2225; x_wconf 88' lang='lat' dir='ltr'>apud</span> <span class='ocrx_word' id='word_1_136' title='bbox 629 2140 759 2204; x_wconf 84' lang='lat' dir='ltr'>Crassum</span> <span class='ocrx_word' id='word_1_137' title='bbox 779 2143 868 2204; x_wconf 92' lang='lat' dir='ltr'>Divi-</span> 
     </span>
     <span class='ocr_line' id='line_1_24' title="bbox 189 2222 867 2298; baseline -0.006 -12"><span class='ocrx_word' id='word_1_138' title='bbox 189 2240 239 2286; x_wconf 84' lang='lat' dir='ltr'>tem</span> <span class='ocrx_word' id='word_1_139' title='bbox 261 2226 383 2289; x_wconf 74' lang='lat' dir='ltr'>Vedius</span> <span class='ocrx_word' id='word_1_140' title='bbox 402 2226 439 2286; x_wconf 90' lang='lat' dir='ltr'>de</span> <span class='ocrx_word' id='word_1_141' title='bbox 454 2228 500 2286; x_wconf 89' lang='lat' dir='ltr'>vi:</span> <span class='ocrx_word' id='word_1_142' title='bbox 520 2225 574 2298; x_wconf 90' lang='lat'>&amp;,</span> <span class='ocrx_word' id='word_1_143' title='bbox 612 2245 680 2285; x_wconf 90' lang='lat' dir='ltr'>uum</span> <span class='ocrx_word' id='word_1_144' title='bbox 697 2222 766 2284; x_wconf 87' lang='lat' dir='ltr'>esset</span> <span class='ocrx_word' id='word_1_145' title='bbox 783 2224 867 2283; x_wconf 85' lang='lat' dir='ltr'>dum·</span> 
     </span>
     <span class='ocr_line' id='line_1_25' title="bbox 189 2246 866 2402; baseline 0.001 -35"><span class='ocrx_word' id='word_1_146' title='bbox 189 2325 287 2402; x_wconf 66' lang='lat' dir='ltr'>uatus,</span> <span class='ocrx_word' id='word_1_147' title='bbox 308 2326 370 2369; x_wconf 87' lang='lat' dir='ltr'>erat</span> <span class='ocrx_word' id='word_1_148' title='bbox 388 2246 740 2402; x_wconf 68' lang='lat' dir='ltr'>indiciumpodulaturus</span> <span class='ocrx_word' id='word_1_149' title='bbox 758 2325 765 2363; x_wconf 91' lang='lat'>:</span> <span class='ocrx_word' id='word_1_150' title='bbox 786 2308 866 2385; x_wconf 88' lang='lat' dir='ltr'>quod</span> 
     </span>
     <span class='ocr_line' id='line_1_26' title="bbox 186 2386 866 2549; baseline -0.013 -23"><span class='ocrx_word' id='word_1_151' title='bbox 186 2386 435 2549; x_wconf 50' lang='lat' dir='ltr'>{wiese</span> <span class='ocrx_word' id='word_1_152' title='bbox 456 2386 866 2548; x_wconf 60' lang='lat' dir='ltr'>siisiif‘zznlsssis‘s‘:</span> 
     </span>
     <span class='ocr_line' id='line_1_27' title="bbox 185 2547 867 2630; baseline 0.009 -24"><span class='ocrx_word' id='word_1_153' title='bbox 185 2547 291 2624; x_wconf 86' lang='lat' dir='ltr'>semus,</span> <span class='ocrx_word' id='word_1_154' title='bbox 315 2569 378 2610; x_wconf 90' lang='lat' dir='ltr'>non</span> <span class='ocrx_word' id='word_1_155' title='bbox 400 2547 684 2630; x_wconf 86' lang='lat' dir='ltr'>pertimescebamus.</span> <span class='ocrx_word' id='word_1_156' title='bbox 703 2548 867 2611; x_wconf 89' lang='lat' dir='ltr'>Hominum</span> 
     </span>
     <span class='ocr_line' id='line_1_28' title="bbox 185 2628 866 2711; baseline 0.003 -24"><span class='ocrx_word' id='word_1_157' title='bbox 185 2629 292 2709; x_wconf 85' lang='lat' dir='ltr'>quidem</span> <span class='ocrx_word' id='word_1_158' title='bbox 313 2629 426 2689; x_wconf 89' lang='lat' dir='ltr'>summa</span> <span class='ocrx_word' id='word_1_159' title='bbox 445 2649 477 2688; x_wconf 90' lang='lat' dir='ltr'>er</span> <span class='ocrx_word' id='word_1_160' title='bbox 498 2651 514 2688; x_wconf 87' lang='lat' dir='ltr'>a</span> <span class='ocrx_word' id='word_1_161' title='bbox 536 2649 589 2688; x_wconf 86' lang='lat' dir='ltr'>nos</span> <span class='ocrx_word' id='word_1_162' title='bbox 613 2628 702 2690; x_wconf 85' lang='lat' dir='ltr'>studia</span> <span class='ocrx_word' id='word_1_163' title='bbox 722 2631 866 2711; x_wconf 83' lang='lat' dir='ltr'>significa·</span> 
     </span>
     <span class='ocr_line' id='line_1_29' title="bbox 184 2649 866 2792; baseline 0.001 -24"><span class='ocrx_word' id='word_1_164' title='bbox 184 2709 302 2772; x_wconf 78' lang='lat' dir='ltr'>bantur.-</span> <span class='ocrx_word' id='word_1_165' title='bbox 324 2710 376 2772; x_wconf 92' lang='lat' dir='ltr'>sed</span> <span class='ocrx_word' id='word_1_166' title='bbox 402 2649 517 2792; x_wconf 65' lang='lat' dir='ltr'>prorsus</span> <span class='ocrx_word' id='word_1_167' title='bbox 537 2711 605 2770; x_wconf 85' lang='lat' dir='ltr'>vitae</span> <span class='ocrx_word' id='word_1_168' title='bbox 622 2710 728 2785; x_wconf 86' lang='lat' dir='ltr'>taedet,</span> <span class='ocrx_word' id='word_1_169' title='bbox 747 2714 787 2771; x_wconf 85' lang='lat' dir='ltr'>ira</span> <span class='ocrx_word' id='word_1_170' title='bbox 802 2711 866 2769; x_wconf 91' lang='lat' dir='ltr'>sunt</span> 
     </span>
     <span class='ocr_line' id='line_1_30' title="bbox 183 2788 867 2870; baseline 0.001 -21"><span class='ocrx_word' id='word_1_171' title='bbox 183 2795 270 2853; x_wconf 87' lang='lat' dir='ltr'>omnia</span> <span class='ocrx_word' id='word_1_172' title='bbox 307 2794 445 2852; x_wconf 88' lang='lat' dir='ltr'>omnium</span> <span class='ocrx_word' id='word_1_173' title='bbox 479 2788 654 2851; x_wconf 88' lang='lat' dir='ltr'>miseriarum</span> <span class='ocrx_word' id='word_1_174' title='bbox 690 2793 867 2870; x_wconf 85' lang='lat' dir='ltr'>plenissima.</span> 
     </span>
     <span class='ocr_line' id='line_1_31' title="bbox 183 2863 864 3010; baseline -0.001 -77"><span class='ocrx_word' id='word_1_175' title='bbox 183 2863 271 2935; x_wconf 71' lang='lat' dir='ltr'>Modo</span> <span class='ocrx_word' id='word_1_176' title='bbox 289 2874 407 2937; x_wconf 86' lang='lat' dir='ltr'>caedem</span> <span class='ocrx_word' id='word_1_177' title='bbox 426 2874 612 2933; x_wconf 81' lang='lat' dir='ltr'>timueramus</span> <span class='ocrx_word' id='word_1_178' title='bbox 631 2918 640 2948; x_wconf 94' lang='lat'>,</span> <span class='ocrx_word' id='word_1_179' title='bbox 662 2890 750 3010; x_wconf 53' lang='lat' dir='ltr'>&lt;pam</span> <span class='ocrx_word' id='word_1_180' title='bbox 769 2872 864 2932; x_wconf 84' lang='lat' dir='ltr'>oratio</span> 
     </span>
    </p>

    <p class='ocr_par' dir='ltr' id='par_1_4' title="bbox 722 2973 751 3010">
     <span class='ocr_line' id='line_1_32' title="bbox 722 2973 751 3010; baseline 0.069 -2"><span class='ocrx_word' id='word_1_181' title='bbox 722 2973 751 3010; x_wconf 77' lang='lat' dir='ltr'>iv</span> 
     </span>
    </p>
   </div>
   <div class='ocr_carea' id='block_1_4' title="bbox 0 0 1073 3984">
    <p class='ocr_par' dir='ltr' id='par_1_5' title="bbox 0 0 1073 3984">
     <span class='ocr_line' id='line_1_33' title="bbox 0 0 1073 3984; baseline 0 0"><span class='ocrx_word' id='word_1_182' title='bbox 0 0 1073 3984; x_wconf 95' lang='lat' dir='ltr'> </span> 
     </span>
    </p>
   </div>
  </div>
 </body>
</html>
