<?xml version="1.0" encoding="UTF-8"?>
<!DOCTYPE html PUBLIC "-//W3C//DTD XHTML 1.0 Transitional//EN"
    "http://www.w3.org/TR/xhtml1/DTD/xhtml1-transitional.dtd">
<html xmlns="http://www.w3.org/1999/xhtml" xml:lang="en" lang="en">
 <head>
  <title>
</title>
<meta http-equiv="Content-Type" content="text/html;charset=utf-8" />
  <meta name='ocr-system' content='tesseract 3.04.00' />
  <meta name='ocr-capabilities' content='ocr_page ocr_carea ocr_par ocr_line ocrx_word'/>
</head>
<body>
  <div class='ocr_page' id='page_1' title='image "./mtulliiciceroni03lallgoog_0421.png"; bbox 0 0 2117 3984; ppageno 0'>
   <div class='ocr_carea' id='block_1_1' title="bbox 183 478 866 676">
    <p class='ocr_par' dir='ltr' id='par_1_1' title="bbox 183 478 866 676">
     <span class='ocr_line' id='line_1_1' title="bbox 185 478 683 572; baseline 0.01 -31"><span class='ocrx_word' id='word_1_1' title='bbox 185 506 258 572; x_wconf 73' lang='lat'>412</span> <span class='ocrx_word' id='word_1_2' title='bbox 309 530 314 541; x_wconf 93' lang='lat'><strong>.</strong></span> <span class='ocrx_word' id='word_1_3' title='bbox 372 478 683 546; x_wconf 71' lang='lat' dir='ltr'>Entsrozat</span> 
     </span>
     <span class='ocr_line' id='line_1_2' title="bbox 183 588 866 676; baseline 0.004 -27"><span class='ocrx_word' id='word_1_4' title='bbox 183 594 277 673; x_wconf 72' lang='lat' dir='ltr'>Hujus</span> <span class='ocrx_word' id='word_1_5' title='bbox 299 591 367 651; x_wconf 84' lang='lat' dir='ltr'>belli</span> <span class='ocrx_word' id='word_1_6' title='bbox 387 611 478 673; x_wconf 87' lang='lat' dir='ltr'>genus</span> <span class='ocrx_word' id='word_1_7' title='bbox 501 588 563 670; x_wconf 82' lang='lat' dir='ltr'>fugi</span> <span class='ocrx_word' id='word_1_8' title='bbox 585 588 654 662; x_wconf 75' lang='lat' dir='ltr'>;I&amp;</span> <span class='ocrx_word' id='word_1_9' title='bbox 683 589 726 649; x_wconf 87' lang='lat' dir='ltr'>eb</span> <span class='ocrx_word' id='word_1_10' title='bbox 753 591 866 676; x_wconf 83' lang='lat' dir='ltr'>tnagis,</span> 
     </span>
    </p>
   </div>
   <div class='ocr_carea' id='block_1_2' title="bbox 182 672 878 3086">
    <p class='ocr_par' dir='ltr' id='par_1_2' title="bbox 182 672 878 3086">
     <span class='ocr_line' id='line_1_3' title="bbox 183 672 868 756; baseline -0.003 -21"><span class='ocrx_word' id='word_1_11' title='bbox 183 674 262 756; x_wconf 81' lang='lat' dir='ltr'>qubd</span> <span class='ocrx_word' id='word_1_12' title='bbox 285 672 446 732; x_wconf 85' lang='lat' dir='ltr'>crudeliora</span> <span class='ocrx_word' id='word_1_13' title='bbox 466 673 554 730; x_wconf 86' lang='lat' dir='ltr'>etiam</span> <span class='ocrx_word' id='word_1_14' title='bbox 574 672 702 751; x_wconf 86' lang='lat' dir='ltr'>cogitari</span> <span class='ocrx_word' id='word_1_15' title='bbox 725 715 736 744; x_wconf 92' lang='lat'>,</span> <span class='ocrx_word' id='word_1_16' title='bbox 763 672 794 733; x_wconf 76' lang='lat' dir='ltr'>dt</span> <span class='ocrx_word' id='word_1_17' title='bbox 818 695 868 753; x_wconf 86' lang='lat' dir='ltr'>pa·</span> 
     </span>
     <span class='ocr_line' id='line_1_4' title="bbox 182 751 868 830; baseline -0.001 -16"><span class='ocrx_word' id='word_1_18' title='bbox 182 758 236 815; x_wconf 79' lang='lat' dir='ltr'>rari</span> <span class='ocrx_word' id='word_1_19' title='bbox 260 752 406 814; x_wconf 85' lang='lat' dir='ltr'>videbam.</span> <span class='ocrx_word' id='word_1_20' title='bbox 427 751 505 825; x_wconf 88' lang='lat' dir='ltr'>Me,</span> <span class='ocrx_word' id='word_1_21' title='bbox 529 770 620 830; x_wconf 90' lang='lat' dir='ltr'>quem</span> <span class='ocrx_word' id='word_1_22' title='bbox 643 751 785 811; x_wconf 85' lang='lat' dir='ltr'>nonnulli</span> <span class='ocrx_word' id='word_1_23' title='bbox 804 773 868 813; x_wconf 87' lang='lat' dir='ltr'>coo·</span> 
     </span>
     <span class='ocr_line' id='line_1_5' title="bbox 183 831 867 911; baseline -0.001 -17"><span class='ocrx_word' id='word_1_24' title='bbox 183 835 360 895; x_wconf 85' lang='lat' dir='ltr'>servatorem</span> <span class='ocrx_word' id='word_1_25' title='bbox 382 831 456 891; x_wconf 85' lang='lat' dir='ltr'>istius</span> <span class='ocrx_word' id='word_1_26' title='bbox 477 831 583 904; x_wconf 82' lang='lat' dir='ltr'>urbis,</span> <span class='ocrx_word' id='word_1_27' title='bbox 605 850 700 910; x_wconf 90' lang='lat' dir='ltr'>quem</span> <span class='ocrx_word' id='word_1_28' title='bbox 725 850 867 911; x_wconf 87' lang='lat' dir='ltr'>parentem</span> 
     </span>
     <span class='ocr_line' id='line_1_6' title="bbox 184 909 866 987; baseline -0.001 -13"><span class='ocrx_word' id='word_1_29' title='bbox 184 913 241 974; x_wconf 81' lang='lat' dir='ltr'>effe</span> <span class='ocrx_word' id='word_1_30' title='bbox 254 914 403 986; x_wconf 81' lang='lat' dir='ltr'>dixerunt,</span> <span class='ocrx_word' id='word_1_31' title='bbox 416 910 579 982; x_wconf 83' lang='lat' dir='ltr'>Getarum,</span> <span class='ocrx_word' id='word_1_32' title='bbox 593 910 626 970; x_wconf 67' lang='grc' dir='ltr'>ἃ</span> <span class='ocrx_word' id='word_1_33' title='bbox 636 909 866 987; x_wconf 85' lang='lat' dir='ltr'>Armeniorum,</span> 
     </span>
     <span class='ocr_line' id='line_1_7' title="bbox 183 991 867 1055; baseline -0.001 0"><span class='ocrx_word' id='word_1_34' title='bbox 183 995 217 1055; x_wconf 73' lang='grc' dir='ltr'>ὃ(</span> <span class='ocrx_word' id='word_1_35' title='bbox 238 993 417 1054; x_wconf 85' lang='lat' dir='ltr'>Colchorum</span> <span class='ocrx_word' id='word_1_36' title='bbox 435 1013 469 1051; x_wconf 94' lang='lat' dir='ltr'>co</span> <span class='ocrx_word' id='word_1_37' title='bbox 492 993 533 1051; x_wconf 88' lang='lat' dir='ltr'>ias</span> <span class='ocrx_word' id='word_1_38' title='bbox 550 991 588 1050; x_wconf 90' lang='lat' dir='ltr'>ad</span> <span class='ocrx_word' id='word_1_39' title='bbox 607 1010 675 1050; x_wconf 86' lang='lat' dir='ltr'>eam</span> <span class='ocrx_word' id='word_1_40' title='bbox 696 992 867 1054; x_wconf 80' lang='lat' dir='ltr'>adducere?</span> 
     </span>
     <span class='ocr_line' id='line_1_8' title="bbox 185 1012 868 1144; baseline 0.001 -12"><span class='ocrx_word' id='word_1_41' title='bbox 185 1094 234 1134; x_wconf 90' lang='lat' dir='ltr'>me</span> <span class='ocrx_word' id='word_1_42' title='bbox 252 1076 324 1133; x_wconf 84' lang='lat' dir='ltr'>meis</span> <span class='ocrx_word' id='word_1_43' title='bbox 348 1072 457 1132; x_wconf 87' lang='lat' dir='ltr'>civibus</span> <span class='ocrx_word' id='word_1_44' title='bbox 472 1012 582 1131; x_wconf 54' lang='lat' dir='ltr'>{amem</span> <span class='ocrx_word' id='word_1_45' title='bbox 602 1115 613 1144; x_wconf 94' lang='lat'>,</span> <span class='ocrx_word' id='word_1_46' title='bbox 641 1068 810 1133; x_wconf 84' lang='lat' dir='ltr'>vastitatem</span> <span class='ocrx_word' id='word_1_47' title='bbox 826 1076 868 1133; x_wconf 88' lang='lat' dir='ltr'>iu·</span> 
     </span>
     <span class='ocr_line' id='line_1_9' title="bbox 183 1150 866 1231; baseline 0 -17"><span class='ocrx_word' id='word_1_48' title='bbox 183 1154 258 1214; x_wconf 84' lang='lat' dir='ltr'>ferre</span> <span class='ocrx_word' id='word_1_49' title='bbox 268 1153 356 1213; x_wconf 83' lang='lat' dir='ltr'>ltaliae</span> <span class='ocrx_word' id='word_1_50' title='bbox 368 1151 378 1210; x_wconf 89' lang='lat'>?</span> <span class='ocrx_word' id='word_1_51' title='bbox 392 1152 477 1211; x_wconf 90' lang='lat' dir='ltr'>Hunc</span> <span class='ocrx_word' id='word_1_52' title='bbox 490 1150 614 1231; x_wconf 81' lang='lat' dir='ltr'>ptimdm</span> <span class='ocrx_word' id='word_1_53' title='bbox 627 1151 790 1213; x_wconf 84' lang='lat' dir='ltr'>mortalem</span> <span class='ocrx_word' id='word_1_54' title='bbox 801 1151 866 1229; x_wconf 85' lang='lat' dir='ltr'>elle,</span> 
     </span>
     <span class='ocr_line' id='line_1_10' title="bbox 185 1230 865 1311; baseline 0.001 -18"><span class='ocrx_word' id='word_1_55' title='bbox 185 1234 290 1294; x_wconf 90' lang='lat' dir='ltr'>deinde</span> <span class='ocrx_word' id='word_1_56' title='bbox 310 1235 397 1292; x_wconf 89' lang='lat' dir='ltr'>etiam</span> <span class='ocrx_word' id='word_1_57' title='bbox 416 1231 512 1291; x_wconf 85' lang='lat' dir='ltr'>multis</span> <span class='ocrx_word' id='word_1_58' title='bbox 540 1230 637 1291; x_wconf 85' lang='lat' dir='ltr'>modis</span> <span class='ocrx_word' id='word_1_59' title='bbox 658 1230 745 1311; x_wconf 82' lang='lat' dir='ltr'>polle</span> <span class='ocrx_word' id='word_1_60' title='bbox 770 1232 865 1294; x_wconf 79' lang='lat' dir='ltr'>exstin</span> 
     </span>
     <span class='ocr_line' id='line_1_11' title="bbox 186 1312 866 1395; baseline 0.003 -22"><span class='ocrx_word' id='word_1_61' title='bbox 186 1317 233 1395; x_wconf 86' lang='lat' dir='ltr'>gui</span> <span class='ocrx_word' id='word_1_62' title='bbox 252 1359 262 1388; x_wconf 89' lang='lat'>,</span> <span class='ocrx_word' id='word_1_63' title='bbox 281 1313 466 1394; x_wconf 84' lang='lat' dir='ltr'>cogitabam:</span> <span class='ocrx_word' id='word_1_64' title='bbox 496 1312 598 1371; x_wconf 86' lang='lat' dir='ltr'>urbem</span> <span class='ocrx_word' id='word_1_65' title='bbox 618 1328 746 1386; x_wconf 90' lang='lat' dir='ltr'>autem,</span> <span class='ocrx_word' id='word_1_66' title='bbox 768 1313 799 1373; x_wconf 72' lang='grc' dir='ltr'><strong>ἃ</strong></span> <span class='ocrx_word' id='word_1_67' title='bbox 818 1336 866 1394; x_wconf 90' lang='lat' dir='ltr'>po-</span> 
     </span>
     <span class='ocr_line' id='line_1_12' title="bbox 186 1391 865 1475; baseline 0.004 -23"><span class='ocrx_word' id='word_1_68' title='bbox 186 1395 286 1475; x_wconf 87' lang='lat' dir='ltr'>pulum</span> <span class='ocrx_word' id='word_1_69' title='bbox 305 1391 431 1453; x_wconf 81' lang='lat' dir='ltr'>nostrum</span> <span class='ocrx_word' id='word_1_70' title='bbox 447 1391 618 1452; x_wconf 86' lang='lat' dir='ltr'>servandum</span> <span class='ocrx_word' id='word_1_71' title='bbox 640 1392 678 1451; x_wconf 86' lang='lat' dir='ltr'>ad</span> <span class='ocrx_word' id='word_1_72' title='bbox 699 1394 865 1454; x_wconf 85' lang='lat' dir='ltr'>immortali·</span> 
     </span>
     <span class='ocr_line' id='line_1_13' title="bbox 186 1470 865 1555; baseline 0.003 -22"><span class='ocrx_word' id='word_1_73' title='bbox 186 1492 296 1546; x_wconf 83' lang='lat' dir='ltr'>tatem,</span> <span class='ocrx_word' id='word_1_74' title='bbox 311 1476 490 1555; x_wconf 89' lang='lat' dir='ltr'>quantumin</span> <span class='ocrx_word' id='word_1_75' title='bbox 506 1472 591 1532; x_wconf 86' lang='lat' dir='ltr'>nobis</span> <span class='ocrx_word' id='word_1_76' title='bbox 608 1470 703 1546; x_wconf 84' lang='lat' dir='ltr'>effet,</span> <span class='ocrx_word' id='word_1_77' title='bbox 719 1477 865 1554; x_wconf 67' lang='lat' dir='ltr'>putabam</span> 
     </span>
     <span class='ocr_line' id='line_1_14' title="bbox 187 1553 866 1634; baseline 0.006 -20"><span class='ocrx_word' id='word_1_78' title='bbox 187 1555 219 1614; x_wconf 91' lang='lat'>&amp;</span> <span class='ocrx_word' id='word_1_79' title='bbox 248 1573 345 1616; x_wconf 86' lang='lat' dir='ltr'>tamen</span> <span class='ocrx_word' id='word_1_80' title='bbox 374 1554 437 1634; x_wconf 89' lang='lat' dir='ltr'>spes</span> <span class='ocrx_word' id='word_1_81' title='bbox 462 1553 592 1633; x_wconf 77' lang='lat' dir='ltr'>quadam</span> <span class='ocrx_word' id='word_1_82' title='bbox 619 1573 670 1614; x_wconf 89' lang='lat' dir='ltr'>me</span> <span class='ocrx_word' id='word_1_83' title='bbox 703 1556 866 1618; x_wconf 82' lang='lat' dir='ltr'>obtentabat</span> 
     </span>
     <span class='ocr_line' id='line_1_15' title="bbox 186 1634 865 1718; baseline 0.004 -24"><span class='ocrx_word' id='word_1_84' title='bbox 186 1634 270 1709; x_wconf 90' lang='lat' dir='ltr'>fore,</span> <span class='ocrx_word' id='word_1_85' title='bbox 290 1654 322 1696; x_wconf 90' lang='lat' dir='ltr'>ut</span> <span class='ocrx_word' id='word_1_86' title='bbox 339 1635 447 1715; x_wconf 88' lang='lat' dir='ltr'>aliquid</span> <span class='ocrx_word' id='word_1_87' title='bbox 465 1635 636 1694; x_wconf 85' lang='lat' dir='ltr'>conveniret</span> <span class='ocrx_word' id='word_1_88' title='bbox 650 1637 754 1713; x_wconf 75' lang='lat' dir='ltr'>potius</span> <span class='ocrx_word' id='word_1_89' title='bbox 765 1680 775 1710; x_wconf 92' lang='lat'>,</span> <span class='ocrx_word' id='word_1_90' title='bbox 788 1637 865 1718; x_wconf 76' lang='lat' dir='ltr'>quint</span> 
     </span>
     <span class='ocr_line' id='line_1_16' title="bbox 186 1713 878 1799; baseline 0.003 -26"><span class='ocrx_word' id='word_1_91' title='bbox 186 1733 235 1777; x_wconf 84' lang='lat' dir='ltr'>aut</span> <span class='ocrx_word' id='word_1_92' title='bbox 255 1717 300 1774; x_wconf 87' lang='lat' dir='ltr'>hic</span> <span class='ocrx_word' id='word_1_93' title='bbox 318 1733 430 1775; x_wconf 86' lang='lat' dir='ltr'>tantum</span> <span class='ocrx_word' id='word_1_94' title='bbox 447 1713 585 1785; x_wconf 87' lang='lat' dir='ltr'>sceleris,</span> <span class='ocrx_word' id='word_1_95' title='bbox 606 1729 658 1773; x_wconf 84' lang='lat' dir='ltr'>aut</span> <span class='ocrx_word' id='word_1_96' title='bbox 684 1715 738 1777; x_wconf 90' lang='lat' dir='ltr'>ille</span> <span class='ocrx_word' id='word_1_97' title='bbox 764 1734 878 1799; x_wconf 45' lang='lat' dir='ltr'>tannim,</span> 
     </span>
     <span class='ocr_line' id='line_1_17' title="bbox 184 1794 861 1876; baseline 0.004 -22"><span class='ocrx_word' id='word_1_98' title='bbox 184 1797 283 1876; x_wconf 81' lang='lat' dir='ltr'>flagitii</span> <span class='ocrx_word' id='word_1_99' title='bbox 304 1796 477 1855; x_wconf 87' lang='lat' dir='ltr'>admitteret.</span> <span class='ocrx_word' id='word_1_100' title='bbox 495 1794 561 1854; x_wconf 91' lang='lat' dir='ltr'>Alia</span> <span class='ocrx_word' id='word_1_101' title='bbox 574 1812 619 1853; x_wconf 82' lang='lat' dir='ltr'>res</span> <span class='ocrx_word' id='word_1_102' title='bbox 637 1815 720 1855; x_wconf 87' lang='lat' dir='ltr'>nunc</span> <span class='ocrx_word' id='word_1_103' title='bbox 738 1814 800 1857; x_wconf 85' lang='lat' dir='ltr'>tota</span> <span class='ocrx_word' id='word_1_104' title='bbox 814 1795 861 1870; x_wconf 83' lang='lat' dir='ltr'>est,</span> 
     </span>
     <span class='ocr_line' id='line_1_18' title="bbox 184 1871 862 1957; baseline 0.009 -25"><span class='ocrx_word' id='word_1_105' title='bbox 184 1878 240 1935; x_wconf 81' lang='lat' dir='ltr'>alia</span> <span class='ocrx_word' id='word_1_106' title='bbox 264 1895 346 1934; x_wconf 82' lang='lat' dir='ltr'>mens</span> <span class='ocrx_word' id='word_1_107' title='bbox 367 1895 443 1934; x_wconf 87' lang='lat' dir='ltr'>mea.</span> <span class='ocrx_word' id='word_1_108' title='bbox 469 1874 540 1946; x_wconf 88' lang='lat' dir='ltr'>Sol,</span> <span class='ocrx_word' id='word_1_109' title='bbox 558 1892 588 1934; x_wconf 89' lang='lat' dir='ltr'>ut</span> <span class='ocrx_word' id='word_1_110' title='bbox 608 1871 651 1933; x_wconf 87' lang='lat' dir='ltr'>est</span> <span class='ocrx_word' id='word_1_111' title='bbox 672 1877 703 1935; x_wconf 91' lang='lat' dir='ltr'>in</span> <span class='ocrx_word' id='word_1_112' title='bbox 727 1893 778 1937; x_wconf 87' lang='lat' dir='ltr'>tua</span> <span class='ocrx_word' id='word_1_113' title='bbox 797 1898 862 1957; x_wconf 81' lang='lat' dir='ltr'>qua·</span> 
     </span>
     <span class='ocr_line' id='line_1_19' title="bbox 186 1951 858 2034; baseline 0.01 -24"><span class='ocrx_word' id='word_1_114' title='bbox 186 1955 252 2013; x_wconf 79' lang='lat' dir='ltr'>clam</span> <span class='ocrx_word' id='word_1_115' title='bbox 273 1952 414 2034; x_wconf 83' lang='lat' dir='ltr'>epistola,</span> <span class='ocrx_word' id='word_1_116' title='bbox 432 1951 565 2015; x_wconf 84' lang='lat' dir='ltr'>excidiffc</span> <span class='ocrx_word' id='word_1_117' title='bbox 577 1954 649 2014; x_wconf 87' lang='lat' dir='ltr'>mihi</span> <span class='ocrx_word' id='word_1_118' title='bbox 667 1974 684 2014; x_wconf 90' lang='lat' dir='ltr'>e</span> <span class='ocrx_word' id='word_1_119' title='bbox 699 1957 806 2017; x_wconf 90' lang='lat' dir='ltr'>mundo</span> <span class='ocrx_word' id='word_1_120' title='bbox 818 1959 858 2017; x_wconf 79' lang='lat' dir='ltr'>vi·</span> 
     </span>
     <span class='ocr_line' id='line_1_20' title="bbox 187 2035 857 2117; baseline 0.003 -24"><span class='ocrx_word' id='word_1_121' title='bbox 187 2036 279 2094; x_wconf 82' lang='lat' dir='ltr'>detur.</span> <span class='ocrx_word' id='word_1_122' title='bbox 303 2035 345 2095; x_wconf 94' lang='lat' dir='ltr'>Ut</span> <span class='ocrx_word' id='word_1_123' title='bbox 365 2053 472 2117; x_wconf 75' lang='lat' dir='ltr'>aegroto</span> <span class='ocrx_word' id='word_1_124' title='bbox 499 2035 567 2095; x_wconf 91' lang='lat' dir='ltr'>dum</span> <span class='ocrx_word' id='word_1_125' title='bbox 586 2036 683 2095; x_wconf 86' lang='lat' dir='ltr'>anima</span> <span class='ocrx_word' id='word_1_126' title='bbox 707 2037 751 2097; x_wconf 86' lang='lat' dir='ltr'>est</span> <span class='ocrx_word' id='word_1_127' title='bbox 772 2081 782 2110; x_wconf 90' lang='lat'>‚</span> <span class='ocrx_word' id='word_1_128' title='bbox 803 2035 857 2117; x_wconf 81' lang='lat' dir='ltr'>spes</span> 
     </span>
     <span class='ocr_line' id='line_1_21' title="bbox 186 2115 859 2197; baseline 0.003 -23"><span class='ocrx_word' id='word_1_129' title='bbox 186 2115 241 2175; x_wconf 80' lang='lat' dir='ltr'>elle</span> <span class='ocrx_word' id='word_1_130' title='bbox 267 2117 391 2188; x_wconf 75' lang='lat' dir='ltr'>‹licitur3</span> <span class='ocrx_word' id='word_1_131' title='bbox 412 2118 454 2175; x_wconf 81' lang='lat' dir='ltr'>sic</span> <span class='ocrx_word' id='word_1_132' title='bbox 475 2135 532 2197; x_wconf 87' lang='lat' dir='ltr'>ego</span> <span class='ocrx_word' id='word_1_133' title='bbox 553 2160 563 2190; x_wconf 91' lang='lat'><strong>,</strong></span> <span class='ocrx_word' id='word_1_134' title='bbox 592 2117 695 2195; x_wconf 88' lang='lat' dir='ltr'>quoad</span> <span class='ocrx_word' id='word_1_135' title='bbox 715 2117 790 2179; x_wconf 91' lang='lat' dir='ltr'>Pom</span> <span class='ocrx_word' id='word_1_136' title='bbox 809 2121 859 2178; x_wconf 86' lang='lat' dir='ltr'>cius</span> 
     </span>
     <span class='ocr_line' id='line_1_22' title="bbox 186 2195 860 2274; baseline 0.006 -21"><span class='ocrx_word' id='word_1_137' title='bbox 186 2198 215 2254; x_wconf 87' lang='lat' dir='ltr'>in</span> <span class='ocrx_word' id='word_1_138' title='bbox 232 2195 311 2256; x_wconf 85' lang='lat' dir='ltr'>ltalia</span> <span class='ocrx_word' id='word_1_139' title='bbox 335 2196 411 2268; x_wconf 87' lang='lat' dir='ltr'>fuit,</span> <span class='ocrx_word' id='word_1_140' title='bbox 431 2195 541 2274; x_wconf 85' lang='lat' dir='ltr'>sperare</span> <span class='ocrx_word' id='word_1_141' title='bbox 560 2216 621 2254; x_wconf 90' lang='lat' dir='ltr'>non</span> <span class='ocrx_word' id='word_1_142' title='bbox 644 2195 755 2259; x_wconf 84' lang='lat' dir='ltr'>destiti.</span> <span class='ocrx_word' id='word_1_143' title='bbox 805 2220 860 2270; x_wconf 78' lang='lat' dir='ltr'>ac,</span> 
     </span>
     <span class='ocr_line' id='line_1_23' title="bbox 186 2276 858 2359; baseline 0.006 -26"><span class='ocrx_word' id='word_1_144' title='bbox 186 2277 246 2336; x_wconf 80' lang='lat' dir='ltr'>lraec</span> <span class='ocrx_word' id='word_1_145' title='bbox 259 2298 306 2336; x_wconf 93' lang='lat' dir='ltr'>me</span> <span class='ocrx_word' id='word_1_146' title='bbox 320 2276 501 2347; x_wconf 87' lang='lat' dir='ltr'>fefellerunt;</span> <span class='ocrx_word' id='word_1_147' title='bbox 515 2277 564 2348; x_wconf 66' lang='grc' dir='ltr'>ἃ,</span> <span class='ocrx_word' id='word_1_148' title='bbox 576 2292 609 2335; x_wconf 88' lang='lat' dir='ltr'>ut</span> <span class='ocrx_word' id='word_1_149' title='bbox 622 2295 733 2337; x_wconf 87' lang='lat' dir='ltr'>verum</span> <span class='ocrx_word' id='word_1_150' title='bbox 749 2279 858 2359; x_wconf 84' lang='lat' dir='ltr'>loquar,</span> 
     </span>
     <span class='ocr_line' id='line_1_24' title="bbox 186 2356 858 2436; baseline 0.003 -21"><span class='ocrx_word' id='word_1_151' title='bbox 186 2376 252 2417; x_wconf 71' lang='lat' dir='ltr'>aetas</span> <span class='ocrx_word' id='word_1_152' title='bbox 269 2356 327 2436; x_wconf 83' lang='lat' dir='ltr'>jam</span> <span class='ocrx_word' id='word_1_153' title='bbox 346 2379 363 2417; x_wconf 89' lang='lat' dir='ltr'>a</span> <span class='ocrx_word' id='word_1_154' title='bbox 378 2357 514 2417; x_wconf 87' lang='lat' dir='ltr'>diuturnis</span> <span class='ocrx_word' id='word_1_155' title='bbox 532 2356 683 2415; x_wconf 85' lang='lat' dir='ltr'>laboribus</span> <span class='ocrx_word' id='word_1_156' title='bbox 704 2357 858 2419; x_wconf 82' lang='lat' dir='ltr'>devexaad</span> 
     </span>
     <span class='ocr_line' id='line_1_25' title="bbox 185 2435 860 2510; baseline 0.003 -15"><span class='ocrx_word' id='word_1_157' title='bbox 185 2441 300 2510; x_wconf 83' lang='lat' dir='ltr'>otium,</span> <span class='ocrx_word' id='word_1_158' title='bbox 320 2435 537 2497; x_wconf 85' lang='lat' dir='ltr'>domesticarum</span> <span class='ocrx_word' id='word_1_159' title='bbox 558 2455 606 2496; x_wconf 87' lang='lat' dir='ltr'>me</span> <span class='ocrx_word' id='word_1_160' title='bbox 627 2457 731 2498; x_wconf 85' lang='lat' dir='ltr'>rerum</span> <span class='ocrx_word' id='word_1_161' title='bbox 749 2437 860 2500; x_wconf 72' lang='lat' dir='ltr'>delecla·</span> 
     </span>
     <span class='ocr_line' id='line_1_26' title="bbox 183 2515 855 2596; baseline 0.003 -24"><span class='ocrx_word' id='word_1_162' title='bbox 183 2520 263 2577; x_wconf 86' lang='lat' dir='ltr'>tione</span> <span class='ocrx_word' id='word_1_163' title='bbox 289 2519 401 2577; x_wconf 85' lang='lat' dir='ltr'>molliit.</span> <span class='ocrx_word' id='word_1_164' title='bbox 422 2515 529 2590; x_wconf 79' lang='lat' dir='ltr'>Nunc,</span> <span class='ocrx_word' id='word_1_165' title='bbox 547 2519 570 2575; x_wconf 91' lang='lat' dir='ltr'>si</span> <span class='ocrx_word' id='word_1_166' title='bbox 593 2516 642 2576; x_wconf 89' lang='lat' dir='ltr'>vel</span> <span class='ocrx_word' id='word_1_167' title='bbox 661 2521 795 2596; x_wconf 87' lang='lat' dir='ltr'>periculo</span> <span class='ocrx_word' id='word_1_168' title='bbox 812 2538 855 2577; x_wconf 81' lang='lat' dir='ltr'>er-</span> 
     </span>
     <span class='ocr_line' id='line_1_27' title="bbox 184 2597 853 2676; baseline -0.003 -21"><span class='ocrx_word' id='word_1_169' title='bbox 184 2598 354 2676; x_wconf 87' lang='lat' dir='ltr'>periundum</span> <span class='ocrx_word' id='word_1_170' title='bbox 376 2600 451 2669; x_wconf 89' lang='lat' dir='ltr'>erit,</span> <span class='ocrx_word' id='word_1_171' title='bbox 475 2599 604 2676; x_wconf 82' lang='lat' dir='ltr'>experiat</span> <span class='ocrx_word' id='word_1_172' title='bbox 624 2601 708 2659; x_wconf 75' lang='lat' dir='ltr'>certe</span> <span class='ocrx_word' id='word_1_173' title='bbox 726 2646 736 2673; x_wconf 88' lang='lat'>‚</span> <span class='ocrx_word' id='word_1_174' title='bbox 754 2617 782 2659; x_wconf 93' lang='lat' dir='ltr'>ut</span> <span class='ocrx_word' id='word_1_175' title='bbox 796 2597 853 2655; x_wconf 87' lang='lat' dir='ltr'>hinc</span> 
     </span>
     <span class='ocr_line' id='line_1_28' title="bbox 186 2675 859 2755; baseline -0.001 -20"><span class='ocrx_word' id='word_1_176' title='bbox 186 2677 322 2737; x_wconf 84' lang='lat' dir='ltr'>avolem:</span> <span class='ocrx_word' id='word_1_177' title='bbox 343 2679 408 2737; x_wconf 77' lang='lat' dir='ltr'>arud</span> <span class='ocrx_word' id='word_1_178' title='bbox 427 2679 556 2755; x_wconf 88' lang='lat' dir='ltr'>oportuit</span> <span class='ocrx_word' id='word_1_179' title='bbox 572 2675 693 2738; x_wconf 84' lang='lat' dir='ltr'>fortalle</span> <span class='ocrx_word' id='word_1_180' title='bbox 710 2700 720 2752; x_wconf 93' lang='lat'>;</span> <span class='ocrx_word' id='word_1_181' title='bbox 740 2679 859 2748; x_wconf 77' lang='lat' dir='ltr'>sedet,</span> 
     </span>
     <span class='ocr_line' id='line_1_29' title="bbox 186 2755 860 2837; baseline -0.001 -21"><span class='ocrx_word' id='word_1_182' title='bbox 186 2779 249 2837; x_wconf 87' lang='lat' dir='ltr'>quae</span> <span class='ocrx_word' id='word_1_183' title='bbox 270 2755 384 2835; x_wconf 84' lang='lat' dir='ltr'>scripsi,</span> <span class='ocrx_word' id='word_1_184' title='bbox 408 2777 454 2815; x_wconf 89' lang='lat' dir='ltr'>me</span> <span class='ocrx_word' id='word_1_185' title='bbox 473 2757 642 2828; x_wconf 80' lang='lat' dir='ltr'>tardarunt,</span> <span class='ocrx_word' id='word_1_186' title='bbox 661 2758 696 2816; x_wconf 76' lang='grc' dir='ltr'>ὃ(</span> <span class='ocrx_word' id='word_1_187' title='bbox 717 2759 860 2819; x_wconf 70' lang='lat' dir='ltr'>audictitas</span> 
     </span>
     <span class='ocr_line' id='line_1_30' title="bbox 186 2835 863 2916; baseline 0 -20"><span class='ocrx_word' id='word_1_188' title='bbox 186 2839 308 2898; x_wconf 68' lang='lat' dir='ltr'>inanime</span> <span class='ocrx_word' id='word_1_189' title='bbox 326 2855 382 2897; x_wconf 85' lang='lat' dir='ltr'>tua.</span> <span class='ocrx_word' id='word_1_190' title='bbox 404 2835 480 2894; x_wconf 89' lang='lat' dir='ltr'>Nam</span> <span class='ocrx_word' id='word_1_191' title='bbox 500 2857 588 2916; x_wconf 90' lang='lat' dir='ltr'>quum</span> <span class='ocrx_word' id='word_1_192' title='bbox 607 2837 645 2895; x_wconf 88' lang='lat' dir='ltr'>ad</span> <span class='ocrx_word' id='word_1_193' title='bbox 665 2838 748 2900; x_wconf 87' lang='lat' dir='ltr'>hunc</span> <span class='ocrx_word' id='word_1_194' title='bbox 770 2841 863 2900; x_wconf 89' lang='lat' dir='ltr'>locum</span> 
     </span>
     <span class='ocr_line' id='line_1_31' title="bbox 183 2915 864 2996; baseline 0 -18"><span class='ocrx_word' id='word_1_195' title='bbox 183 2918 335 2991; x_wconf 85' lang='lat' dir='ltr'>venillem,</span> <span class='ocrx_word' id='word_1_196' title='bbox 346 2916 444 2978; x_wconf 86' lang='lat' dir='ltr'>evolvi</span> <span class='ocrx_word' id='word_1_197' title='bbox 455 2918 595 2978; x_wconf 87' lang='lat' dir='ltr'>volumen</span> <span class='ocrx_word' id='word_1_198' title='bbox 604 2915 798 2996; x_wconf 88' lang='lat' dir='ltr'>epistolarum</span> <span class='ocrx_word' id='word_1_199' title='bbox 808 2937 864 2980; x_wconf 83' lang='lat' dir='ltr'>tua·</span> 
     </span>
     <span class='ocr_line' id='line_1_32' title="bbox 184 2996 876 3086; baseline 0.006 -26"><span class='ocrx_word' id='word_1_200' title='bbox 184 3020 268 3073; x_wconf 85' lang='lat' dir='ltr'>rum,</span> <span class='ocrx_word' id='word_1_201' title='bbox 287 2998 366 3082; x_wconf 91' lang='lat' dir='ltr'>quod</span> <span class='ocrx_word' id='word_1_202' title='bbox 382 3016 438 3086; x_wconf 84' lang='lat' dir='ltr'>ego</span> <span class='ocrx_word' id='word_1_203' title='bbox 453 2996 503 3058; x_wconf 90' lang='lat' dir='ltr'>sub</span> <span class='ocrx_word' id='word_1_204' title='bbox 517 3001 602 3081; x_wconf 78' lang='lat' dir='ltr'>siguo</span> <span class='ocrx_word' id='word_1_205' title='bbox 620 2997 741 3075; x_wconf 87' lang='lat' dir='ltr'>habeo,</span> <span class='ocrx_word' id='word_1_206' title='bbox 762 2999 876 3069; x_wconf 79' lang='lat' dir='ltr'>servo-‚-</span> 
     </span>
    </p>
   </div>
   <div class='ocr_carea' id='block_1_3' title="bbox 0 0 1067 3984">
    <p class='ocr_par' dir='ltr' id='par_1_3' title="bbox 0 0 1067 3984">
     <span class='ocr_line' id='line_1_33' title="bbox 0 0 1067 3984; baseline 0 0"><span class='ocrx_word' id='word_1_207' title='bbox 0 0 1067 3984; x_wconf 95' lang='lat' dir='ltr'> </span> 
     </span>
    </p>
   </div>
  </div>
 </body>
</html>
