2117 3984
301 471 366 547 152
475 445 785 513 Errsroza

295 563 383 646 quim
402 559 449 621 alii
473 559 627 622 ostendunt
647 579 728 642 :ego
753 571 876 636 autem,
898 573 921 638 q

293 647 372 703 niam
384 663 445 703 non
462 641 552 732 longe
564 642 600 701 ab
617 661 655 702 eo
672 655 805 719 tempore
823 633 921 698 absum

293 726 325 784 in
343 744 403 805 quo
423 742 468 783 res
488 722 712 802 dijudicabitur,
734 735 782 778 aut
804 716 840 784 ad
858 733 921 778 tec

294 803 387 864 feram
397 824 464 874 me,
476 822 524 866 aut
537 806 624 863 etiam
634 821 711 861 nunc
721 800 827 873 circum
839 795 921 858 h2cl

295 883 509 946 commorabor.
526 883 630 944 Scribit
646 881 682 940 ad
692 900 740 940 me
754 878 864 951 frater,
882 899 921 938 on

294 965 345 1026 sua
360 985 412 1047 per
424 981 452 1024 te
463 985 553 1024 unum
571 960 705 1023 suffineri.
715 958 798 1038 Quid
808 977 836 1018 te
851 957 921 1020 autl

296 1063 343 1107 ter
360 1091 370 1120 ,
389 1043 467 1125 quod
481 1043 550 1103 facis
569 1043 580 1102 ?
597 1061 645 1102 aut
665 1062 748 1124 agam
761 1040 884 1120 gratias,
900 1057 920 1118 q

295 1147 357 1187 non
373 1122 542 1205 exspeslas?
561 1125 673 1184 tantum
683 1121 772 1183 velim
783 1163 793 1191 ,
804 1117 921 1180 fortuna

296 1206 381 1268 nobis
407 1201 602 1287 potestatem,
634 1222 666 1265 ut
693 1201 854 1262 incolumes
880 1219 921 1258 an

295 1284 394 1347 nostro
423 1285 611 1366 perfruamur.
638 1284 718 1343 Tuas
739 1282 845 1341 litteras
866 1275 921 1340 sem

297 1367 424 1428 maxime
446 1364 579 1446 exspeslo
595 1384 605 1438 ;
623 1367 653 1425 in
673 1362 776 1444 quibus
796 1377 869 1419 cave
890 1379 921 1420 vt

298 1450 343 1522 ri,
356 1468 393 1509 ne
407 1465 455 1508 aut
465 1447 613 1528 diligentia
630 1462 679 1506 tua
696 1442 767 1503 mihi
783 1435 921 1512 molesta,

298 1531 405 1592 veritas
422 1529 525 1589 acerba
541 1530 586 1588 sit.
601 1524 672 1587 Dat.
690 1522 764 1606 prid.
781 1519 864 1580 Non.
881 1517 918 1582 Se

400 1645 565 1710 Crceuo
594 1644 761 1705 Arrrco
790 1637 882 1704 Snn.

298 1730 663 1826 18.Exsr>ncrar10uau
683 1767 767 1825 nobis
784 1785 845 1826 non
862 1785 921 1846 pan

297 1846 451 1920 attuleras,
468 1863 557 1926 quum
576 1846 724 1925 scripseras
744 1844 911 1908 Varronem

296 1945 352 2068 pro
369 1929 493 1985 amicitia
510 1924 709 2000 confirmasse,
727 1925 836 1986 causam
854 1923 918 1989 nost

322 2009 475 2086 ompeiutn
489 2006 567 2066 certe
588 2007 781 2088 suscepturum
797 2025 806 2079 ;
829 2006 879 2082 &,
897 2009 921 2068 si

295 2109 314 2158 a
330 2085 443 2150 Caesare
452 2090 482 2151 ei
492 2088 614 2162 littera,
631 2110 701 2170 quas
716 2085 914 2167 exspedaret,

227 2209 250 2232 κ
296 2166 383 2230 millae
400 2167 515 2242 essent,
538 2167 684 2230 auslorern
707 2171 794 2229 etiam
821 2168 921 2232 datum

297 2252 394 2310 utrum
403 2252 434 2311 id
453 2250 522 2311 nihil
532 2249 605 2323 fuit,
620 2273 656 2309 an
667 2247 820 2309 adversatae
838 2249 921 2310 sunts

298 2330 364 2391 saris
380 2331 505 2399 litterae?
525 2353 561 2390 an
577 2328 617 2390 est
627 2329 733 2412 aliquid
753 2332 783 2389 in
800 2328 849 2408 spe
862 2329 874 2389 l
886 2329 921 2392 El

295 2411 367 2472 illud
385 2411 559 2492 scripseras,
579 2412 735 2483 eumdem,
749 2408 908 2471 secundum

297 2493 399 2566 mitia,
412 2492 520 2553 dixisse.
537 2492 594 2552 Fac
605 2491 649 2573 (si
660 2491 741 2553 vides
756 2493 869 2571 quantis
879 2492 911 2550 in

297 2572 332 2636 lis
355 2570 486 2649 jaceam,
509 2573 584 2633 &si
610 2589 694 2651 putas
714 2570 770 2631 elle
797 2570 921 2632 humanit

297 2653 376 2733 tuae)
396 2673 443 2714 me
464 2653 509 2713 fac
528 2651 564 2712 de
583 2668 646 2712 tota
662 2674 745 2713 causa
762 2649 856 2718 nostra
872 2672 921 2714 cer

299 2751 362 2792 rem
381 2751 472 2792 :nam
491 2730 620 2810 Quintus
639 2733 745 2806 frater,
762 2731 852 2794 homo
874 2735 921 2792 mir

299 2815 348 2894 qui
365 2833 413 2874 me
432 2831 492 2873 tam
507 2812 593 2873 valde
606 2834 681 2874 amat
693 2860 702 2886 ,
715 2815 812 2873 omnia
822 2814 910 2880 mittit

298 2893 402 2973 plena,
413 2910 562 2968 metuens,
573 2894 676 2966 crede,
687 2893 881 2972 defedionem
893 2915 921 2954 ar

299 2977 380 3057 zuei:
399 2994 454 3039 tuae
469 2991 566 3037 autern
586 2973 687 3035 litterae
707 2974 771 3036 sunt
789 2976 902 3038 variae:
