2117 3984
249 483 311 538 Ao
332 466 543 534 Arrzcvn
563 467 650 538 Lm.
668 467 699 541 1.
768 493 812 566 73

94 555 105 614 ἱ
154 597 198 642 mn
216 580 407 662 adjudicarit:
429 580 511 662 quod
527 601 588 640 non
609 600 667 643 tam
686 585 818 648 interfuit

88 655 102 692 ³
148 663 197 723 nti
219 661 351 745 (neque
376 662 457 722 enim
478 662 535 721 illae
556 681 602 722 res
629 681 676 724 aut
695 667 733 725 ita
751 665 816 730 sunt

88 733 101 770 ¹*
144 741 276 819 obscura,
294 761 328 804 ut
345 739 563 813 testimonium,
581 759 630 802 aut
645 746 686 804 ita
701 747 814 823 dubiae,

141 841 163 884 ut
177 824 377 887 laudationem
394 822 592 896 desiderent)
612 824 699 904 quim
719 829 815 907 reipu.

89 919 98 944 ·
137 902 235 980 hita,
252 905 336 986 quod
356 921 437 964 erant
456 904 574 999 quidam
594 905 743 985 improbi,
765 911 815 989 qui

88 999 96 1024 ¹
136 987 351 1048 contentionem
361 983 426 1045 fore
437 985 563 1065 aliquam
573 985 643 1044 mihi
654 1007 721 1047 cum
731 986 817 1048 Pom·

88 1081 91 1090 ·
135 1069 215 1146 peio,
237 1085 277 1128 ex
299 1085 401 1126 retum
417 1065 530 1125 illarum
552 1063 722 1128 diffensione
744 1069 818 1128 arbi·

134 1163 276 1210 natentur.
296 1145 380 1208 Cum
399 1145 458 1206 hoc
477 1166 535 1229 ego
560 1166 607 1206 me
627 1149 707 1210 tanti
724 1147 815 1210 fanti-

135 1227 242 1291 haritate
266 1226 432 1306 conjunxi,
450 1244 481 1287 ut
500 1245 621 1308 uterque
640 1227 765 1306 nollrdm
784 1233 815 1292 in

134 1305 172 1370 fua
189 1313 308 1371 ratione
326 1308 486 1380 munitior,
505 1307 539 1367 ὃ(
555 1309 585 1365 in
601 1309 748 1388 republica
765 1309 815 1370 fir-

134 1391 198 1451 mior
213 1393 272 1452 hac
295 1386 506 1466 conjundione
529 1385 586 1448 elle
612 1393 724 1468 possit:
747 1392 816 1451 odia

93 1481 97 1488 '
135 1487 220 1532 tutem
239 1471 295 1532 illa
313 1466 478 1530 libidinosae
501 1467 534 1527 ὃ(
557 1469 686 1530 delicatae
707 1469 818 1547 juven-

136 1554 195 1612 tutis
210 1597 223 1624 ,
341 1567 428 1610 erant
444 1551 474 1608 in
492 1569 541 1609 me
556 1551 693 1623 incitata,
707 1553 747 1609 sic
764 1555 819 1611 mi-

138 1632 223 1712 tigata
246 1572 315 1692 {llil
335 1631 479 1691 comitate
504 1630 628 1710 quadam
650 1630 739 1706 med,
767 1652 818 1694 me

141 1731 224 1772 rmum
238 1727 271 1772 ut
289 1732 397 1772 omnes
414 1710 455 1770 illi
470 1711 585 1770 colant:
603 1712 672 1771 nihil
692 1710 749 1789 jam
766 1714 817 1776 de·

139 1793 219 1874 nique
238 1815 257 1853 a
278 1813 328 1854 me
356 1790 488 1871 asperum
507 1794 545 1857 in,
563 1812 736 1874 quemquam
755 1792 817 1871 fit,

90 1871 95 1890 ⁷
138 1893 186 1934 nec
203 1891 303 1936 tamen
321 1873 484 1956 quidquam
503 1874 661 1953 populate,
681 1896 714 1935 ac
733 1875 818 1936 dissc-

139 1953 242 2016 lutum:
264 1952 316 2016 sed
336 1957 377 2016 ita
395 1971 555 2033 temperata
576 1972 638 2013 tota
656 1957 729 2016 ratio
749 1954 816 2031 est,

90 2073 93 2080 ·
142 2049 170 2094 ut
183 2035 347 2117 reipublicae
368 2032 556 2096 constantiam
575 2033 729 2114 praestem
754 2040 818 2117 pri·

142 2117 212 2176 vatis
222 2118 305 2178 rebus
317 2118 414 2191 meis,
426 2132 546 2197 propter
559 2114 754 2177 infirmitatem
765 2119 820 2177 bo-

146 2215 262 2271 norum,
276 2199 453 2280 iniquitatem
469 2196 702 2270 malevolorum,
717 2197 819 2258 odium

91 2305 98 2323 ·
144 2277 172 2335 in
190 2295 239 2337 me
256 2279 473 2359 improborum,
493 2276 647 2337 adhibeam
664 2277 820 2358 quamdam

144 2359 322 2430 cautionem,
341 2359 375 2418 δι
396 2358 593 2439 diligentiam:
613 2374 698 2438 atque
719 2359 759 2416 ita
776 2376 821 2417 ta-

144 2457 203 2498 men
220 2441 255 2500 iis
273 2441 360 2501 novis
383 2441 514 2499 amicitiis
536 2439 675 2517 implicati
698 2437 820 2513 sumus,

144 2533 170 2577 ut
189 2521 291 2580 crebro
311 2521 383 2579 mihi
399 2518 481 2580 vafer
498 2518 545 2579 ille
566 2518 675 2578 Siculus
694 2517 820 2580 insusur-

145 2615 181 2660 tet
195 2598 383 2681 Epicharmus
401 2599 574 2661 cantilenam
591 2600 669 2659 illam
683 2598 779 2661 suam:

171 2713 247 2782 Νιῖφι
257 2753 266 2776 ,
278 2713 326 2768 uel
335 2703 455 2786 μίμημ’
466 2700 575 2769 lateat·
586 2704 663 2786 dplex
673 2698 761 2769 vadr-
772 2715 822 2771 uir

231 2815 336 2886 φςινῧι.

144 2911 182 2973 Ac
194 2911 300 2973 nostrae
314 2913 437 2994 quidem
452 2913 591 2987 rationis,
610 2934 643 2973 ac
656 2914 725 2975 vitae
740 2914 821 2994 quasi

144 2993 295 3078 quamdam
310 2993 457 3070 formam,
471 3012 504 3056 ut
518 2998 647 3078 opinor,
660 2993 755 3055 vides.
772 2992 821 3055 De

179 3080 281 3139 Tomus
298 3078 389 3140 XIII.
682 3073 714 3135 D
