2117 3984
256 463 324 541 252
377 517 381 524 ,
438 445 827 522 Errsrozz-z„

247 561 406 714 puidquam
420 557 567 633 maluille,
584 560 691 641 quim,
709 578 742 626 ut
753 553 934 636 mandatis}

260 661 343 702 acere
351 661 362 714 ;
374 660 429 701 nec
440 641 498 700 ulla
510 640 546 700 de
561 661 591 707 re
602 643 667 723 plus
680 639 835 708 laboralle:
851 655 934 708 mariq

250 721 384 788 datorum
408 740 505 781 autem
526 721 596 790 mihi
610 722 746 792 ,libellum
764 721 934 796 dedit;.iis3

249 801 378 883 demque
396 801 433 862 de
447 801 531 862 rebus
547 807 587 861 tu'
596 823 711 862 mecum
730 821 851 883 egeras:
868 823 933 866 om·

248 885 297 941 nia
311 882 372 943 sum
386 882 600 962 diligentissime
615 881 788 961 persecutus.
802 879 934 946 Primum

249 963 287 1022 ab
307 961 501 1024 Ariobarzane
523 965 563 1020 sic
580 965 739 1037 contendi,
755 978 788 1023 ut
803 962 932 1036 talenta,

248 1063 315 1124 quae
333 1043 404 1102 mihi
423 1042 635 1121 pollicebatur,
652 1043 694 1104 illi
710 1043 812 1104 daret:
833 1043 934 1123 quoad

248 1143 366 1185 mecum
382 1143 432 1183 rex
447 1120 525 1195 fuit,
542 1123 675 1202 perbono
692 1125 760 1184 loco
781 1143 827 1182 res
848 1139 934 1186 etate

248 1201 315 1282 pest
336 1226 353 1263 a
376 1202 510 1282 Pompeii
535 1202 766 1282 procuratoribus
788 1202 933 1272 sexcentis.

247 1286 342 1363 premi
358 1299 471 1364 coeptus
485 1280 545 1342 est:
561 1281 714 1362 Pompeius
727 1300 825 1344 autem
840 1305 933 1364 quum

249 1364 290 1423 ob
308 1383 416 1426 ceteras
432 1361 526 1422 causas
541 1362 604 1442 plus
620 1362 714 1443 potest
732 1383 827 1437 unus,
842 1363 933 1444 quim

250 1449 339 1507 ceteri
362 1463 487 1517 omnes,
507 1461 569 1502 tum
585 1445 665 1524 quud
681 1459 795 1523 putatur
813 1444 851 1503 ad
866 1443 933 1506 bel-

249 1525 485 1594 lumParthicum
496 1521 551 1584 elle
563 1543 718 1584 venturus:
734 1525 765 1583 ei
774 1541 874 1584 tamen
889 1527 933 1590 sic.

249 1626 325 1666 uunc
347 1607 487 1678 solvitur,
506 1605 652 1665 tricesimo
670 1624 787 1684 quoque
813 1606 864 1665 die
882 1621 934 1666 ειν·

247 1685 326 1758 lenta
348 1687 444 1747 Attica
465 1702 595 1757 xxxm,
614 1685 645 1743 &
667 1685 722 1742 hoc
742 1704 779 1744 ex
796 1685 933 1746 tributis:

247 1785 303 1826 nec
317 1767 347 1826 id
359 1766 422 1826 satis
437 1764 558 1826 efficitur
569 1767 598 1824 in
611 1764 721 1824 usuram
733 1762 908 1826 menstruam
921 1785 933 1830 ·.,

247 1844 297 1906 sed
314 1845 418 1906 Cnaeus
434 1843 528 1904 noster
542 1845 699 1906 clementer
715 1843 837 1910 idiertt
854 1845 934 1906 sorte*

248 1943 346 1998 caret3
366 1924 449 1983 usural
469 1943 560 1996 ,mec
583 1926 617 1984 eri
639 1924 752 1998 solida,
774 1937 932 1988 conteritur«¹

246 2002 305 2063 est:
327 2006 374 2064 alii
392 2023 487 2085 neque
507 2003 592 2064 solvit
612 2008 766 2085 cuiquam,
792 2026 847 2066 nec
869 2028 932 2086 po·

245 2083 300 2144 test
320 2085 450 2146 solvere:
467 2084 578 2143 nullum
593 2088 671 2145 enim
689 2086 846 2158 aerarium,¹
859 2087 932 2148 nul·

244 2164 308 2224 lum
329 2164 451 2246 vectigal
476 2165 576 2224 habet.
604 2164 695 2245 Appii
720 2164 848 2226 instituto
874 2171 929 2228 tri-

246 2244 317 2307 buta
338 2250 476 2327 imperat:
500 2265 535 2305 ea
553 2248 621 2317 vix,
641 2249 671 2304 in
687 2244 781 2305 foenus
796 2245 934 2327 Pompeii

246 2327 327 2405 quod
346 2328 409 2388 satis
429 2329 486 2395 sit,
504 2324 642 2385 efficiunt.
659 2325 755 2384 Amici
775 2329 850 2408 regis
868 2328 934 2388 dum

245 2407 339 2467 tresve
363 2406 517 2487 perdivites
538 2405 600 2464 sunt
623 2426 630 2465 :
659 2405 707 2468 sed
726 2406 746 2462 ii
767 2404 849 2466 suum
868 2423 933 2472 tant¹

245 2486 400 2568 diligenter
412 2504 527 2559 tenent,
544 2486 630 2565 quam
645 2507 718 2566 ego,
731 2503 779 2545 aut
789 2486 928 2570 tu.Equi·

245 2566 315 2627 dem
333 2589 392 2627 non
410 2568 510 2627 desino
531 2582 628 2632 tamen
646 2586 697 2645 per
717 2566 824 2626 litteras
842 2579 925 2650 roga·

243 2666 297 2718 re,
319 2646 606 2718 suadere‚·accusare
623 2666 742 2727 regem:
767 2644 932 2724 Deiotarus

244 2728 330 2787 eriam
354 2728 425 2786 mihi
446 2728 597 2799 narravit,
618 2727 646 2787 se
668 2728 704 2786 ad
728 2744 796 2785 eum
816 2727 936 2809 legatos'

243 2805 349 2868 misille
371 2807 407 2868 de
431 2826 461 2864 re
483 2806 587 2867 Bruti:
613 2828 666 2867 eos
687 2808 739 2867 sibi
757 2805 932 2887 responsum

242 2885 388 2962 retulille‚
411 2887 491 2945 illum
510 2887 697 2949 non·habere
719 2910 729 2947 ι
755 2887 786 2945 &
804 2889 932 2950 mehet-

242 2969 308 3031 cule
324 2988 381 3052 ego
401 2970 438 3028 ita
451 2964 551 3044 judice
563 3012 576 3041 2
589 2968 659 3027 nihil
680 2971 729 3033 illo
750 2987 844 3049 regno
858 2969 930 3050 spu-
