<?xml version="1.0" encoding="UTF-8"?>
<!DOCTYPE html PUBLIC "-//W3C//DTD XHTML 1.0 Transitional//EN"
    "http://www.w3.org/TR/xhtml1/DTD/xhtml1-transitional.dtd">
<html xmlns="http://www.w3.org/1999/xhtml" xml:lang="en" lang="en">
 <head>
  <title>
</title>
<meta http-equiv="Content-Type" content="text/html;charset=utf-8" />
  <meta name='ocr-system' content='tesseract 3.04.00' />
  <meta name='ocr-capabilities' content='ocr_page ocr_carea ocr_par ocr_line ocrx_word'/>
</head>
<body>
  <div class='ocr_page' id='page_1' title='image "./mtulliiciceroni03lallgoog_0180.png"; bbox 0 0 2117 3984; ppageno 0'>
   <div class='ocr_carea' id='block_1_1' title="bbox 294 333 871 427">
    <p class='ocr_par' dir='ltr' id='par_1_1' title="bbox 294 333 871 427">
     <span class='ocr_line' id='line_1_1' title="bbox 294 333 871 427; baseline 0 -23"><span class='ocrx_word' id='word_1_1' title='bbox 294 352 355 404; x_wconf 74' lang='lat' dir='ltr'>An</span> <span class='ocrx_word' id='word_1_2' title='bbox 373 336 583 404; x_wconf 76' lang='lat' dir='ltr'>Arrtcnrt</span> <span class='ocrx_word' id='word_1_3' title='bbox 600 335 686 403; x_wconf 58' lang='grc' dir='ltr'>[ΑΒ.</span> <span class='ocrx_word' id='word_1_4' title='bbox 707 333 770 403; x_wconf 89' lang='lat' dir='ltr'>IV.</span> <span class='ocrx_word' id='word_1_5' title='bbox 808 355 871 427; x_wconf 85' lang='lat'>173</span> 
     </span>
    </p>
   </div>
   <div class='ocr_carea' id='block_1_2' title="bbox 143 447 875 2859">
    <p class='ocr_par' dir='ltr' id='par_1_2' title="bbox 143 447 875 2859">
     <span class='ocr_line' id='line_1_2' title="bbox 203 447 874 530; baseline -0.003 -18"><span class='ocrx_word' id='word_1_6' title='bbox 203 449 384 512; x_wconf 79' lang='lat' dir='ltr'>renascuntur.</span> <span class='ocrx_word' id='word_1_7' title='bbox 401 447 450 510; x_wconf 90' lang='lat' dir='ltr'>Tu</span> <span class='ocrx_word' id='word_1_8' title='bbox 465 451 558 511; x_wconf 76' lang='lat' dir='ltr'>modo</span> <span class='ocrx_word' id='word_1_9' title='bbox 575 449 611 508; x_wconf 89' lang='lat' dir='ltr'>ad</span> <span class='ocrx_word' id='word_1_10' title='bbox 623 469 677 510; x_wconf 87' lang='lat' dir='ltr'>nos</span> <span class='ocrx_word' id='word_1_11' title='bbox 690 451 777 523; x_wconf 88' lang='lat' dir='ltr'>veni,</span> <span class='ocrx_word' id='word_1_12' title='bbox 792 451 874 530; x_wconf 88' lang='lat' dir='ltr'>quod</span> 
     </span>
     <span class='ocr_line' id='line_1_3' title="bbox 199 527 873 592; baseline -0.003 0"><span class='ocrx_word' id='word_1_13' title='bbox 199 549 294 592; x_wconf 78' lang='lat' dir='ltr'>vereor</span> <span class='ocrx_word' id='word_1_14' title='bbox 313 551 352 592; x_wconf 90' lang='lat' dir='ltr'>ne</span> <span class='ocrx_word' id='word_1_15' title='bbox 371 527 479 592; x_wconf 71' lang='lat' dir='ltr'>tardius</span> <span class='ocrx_word' id='word_1_16' title='bbox 494 533 659 591; x_wconf 88' lang='lat' dir='ltr'>interventu</span> <span class='ocrx_word' id='word_1_17' title='bbox 680 529 817 589; x_wconf 84' lang='lat' dir='ltr'>Varronis</span> <span class='ocrx_word' id='word_1_18' title='bbox 831 533 873 590; x_wconf 90' lang='lat' dir='ltr'>ttti</span> 
     </span>
     <span class='ocr_line' id='line_1_4' title="bbox 197 605 873 692; baseline 0.001 -22"><span class='ocrx_word' id='word_1_19' title='bbox 197 610 335 692; x_wconf 80' lang='lat' dir='ltr'>nostrique</span> <span class='ocrx_word' id='word_1_20' title='bbox 357 609 458 670; x_wconf 85' lang='lat' dir='ltr'>facias.</span> <span class='ocrx_word' id='word_1_21' title='bbox 481 605 636 689; x_wconf 85' lang='lat' dir='ltr'>Quoniam</span> <span class='ocrx_word' id='word_1_22' title='bbox 655 608 715 669; x_wconf 67' lang='lat' dir='ltr'>alla</span> <span class='ocrx_word' id='word_1_23' title='bbox 735 631 797 690; x_wconf 87' lang='lat' dir='ltr'>quae</span> <span class='ocrx_word' id='word_1_24' title='bbox 816 614 873 672; x_wconf 88' lang='lat' dir='ltr'>sint</span> 
     </span>
     <span class='ocr_line' id='line_1_5' title="bbox 194 689 874 772; baseline -0.001 -20"><span class='ocrx_word' id='word_1_25' title='bbox 194 689 298 764; x_wconf 76' lang='lat' dir='ltr'>labes,</span> <span class='ocrx_word' id='word_1_26' title='bbox 318 690 357 750; x_wconf 88' lang='lat' dir='ltr'>de</span> <span class='ocrx_word' id='word_1_27' title='bbox 379 693 490 772; x_wconf 84' lang='lat' dir='ltr'>reliqua</span> <span class='ocrx_word' id='word_1_28' title='bbox 506 691 603 751; x_wconf 87' lang='lat' dir='ltr'>nostra</span> <span class='ocrx_word' id='word_1_29' title='bbox 625 693 801 772; x_wconf 83' lang='lat' dir='ltr'>cogitatione</span> <span class='ocrx_word' id='word_1_30' title='bbox 820 709 874 752; x_wconf 85' lang='lat' dir='ltr'>co-</span> 
     </span>
     <span class='ocr_line' id='line_1_6' title="bbox 195 769 873 852; baseline 0.001 -20"><span class='ocrx_word' id='word_1_31' title='bbox 195 771 305 852; x_wconf 82' lang='lat' dir='ltr'>gnosce.</span> <span class='ocrx_word' id='word_1_32' title='bbox 322 769 389 852; x_wconf 88' lang='lat' dir='ltr'>Ego</span> <span class='ocrx_word' id='word_1_33' title='bbox 402 791 452 831; x_wconf 86' lang='lat' dir='ltr'>me</span> <span class='ocrx_word' id='word_1_34' title='bbox 468 793 486 830; x_wconf 85' lang='lat' dir='ltr'>a</span> <span class='ocrx_word' id='word_1_35' title='bbox 500 771 640 852; x_wconf 83' lang='lat' dir='ltr'>Pompeio</span> <span class='ocrx_word' id='word_1_36' title='bbox 655 773 743 852; x_wconf 83' lang='lat' dir='ltr'>legati</span> <span class='ocrx_word' id='word_1_37' title='bbox 760 774 798 831; x_wconf 85' lang='lat' dir='ltr'>ita</span> <span class='ocrx_word' id='word_1_38' title='bbox 812 769 873 833; x_wconf 94' lang='lat' dir='ltr'>sum</span> 
     </span>
     <span class='ocr_line' id='line_1_7' title="bbox 195 850 874 934; baseline 0.003 -24"><span class='ocrx_word' id='word_1_39' title='bbox 195 850 309 931; x_wconf 77' lang='lat' dir='ltr'>pallus,</span> <span class='ocrx_word' id='word_1_40' title='bbox 328 869 361 911; x_wconf 91' lang='lat' dir='ltr'>ut</span> <span class='ocrx_word' id='word_1_41' title='bbox 380 851 461 910; x_wconf 69' lang='lat' dir='ltr'>nulli</span> <span class='ocrx_word' id='word_1_42' title='bbox 479 871 511 912; x_wconf 87' lang='lat' dir='ltr'>re</span> <span class='ocrx_word' id='word_1_43' title='bbox 531 852 706 931; x_wconf 84' lang='lat' dir='ltr'>impedirer,</span> <span class='ocrx_word' id='word_1_44' title='bbox 727 854 797 934; x_wconf 90' lang='lat' dir='ltr'>quin</span> <span class='ocrx_word' id='word_1_45' title='bbox 816 897 825 924; x_wconf 92' lang='lat'>,</span> <span class='ocrx_word' id='word_1_46' title='bbox 850 856 874 912; x_wconf 83' lang='lat' dir='ltr'>si</span> 
     </span>
     <span class='ocr_line' id='line_1_8' title="bbox 195 929 874 1013; baseline 0.003 -23"><span class='ocrx_word' id='word_1_47' title='bbox 195 933 316 1006; x_wconf 83' lang='lat' dir='ltr'>vellem,</span> <span class='ocrx_word' id='word_1_48' title='bbox 337 931 409 990; x_wconf 90' lang='lat' dir='ltr'>mihi</span> <span class='ocrx_word' id='word_1_49' title='bbox 424 929 494 991; x_wconf 86' lang='lat' dir='ltr'>ellet</span> <span class='ocrx_word' id='word_1_50' title='bbox 508 935 672 1013; x_wconf 87' lang='lat' dir='ltr'>integrum,</span> <span class='ocrx_word' id='word_1_51' title='bbox 690 951 760 1002; x_wconf 88' lang='lat' dir='ltr'>aut,</span> <span class='ocrx_word' id='word_1_52' title='bbox 780 935 803 990; x_wconf 81' lang='lat' dir='ltr'>si</span> <span class='ocrx_word' id='word_1_53' title='bbox 820 953 874 992; x_wconf 87' lang='lat' dir='ltr'>co·</span> 
     </span>
     <span class='ocr_line' id='line_1_9' title="bbox 143 1007 871 1091; baseline 0.003 -21"><span class='ocrx_word' id='word_1_54' title='bbox 143 1011 146 1018; x_wconf 81' lang='grc'><strong>“</strong></span> <span class='ocrx_word' id='word_1_55' title='bbox 194 1015 265 1072; x_wconf 83' lang='lat' dir='ltr'>mitia</span> <span class='ocrx_word' id='word_1_56' title='bbox 273 1010 428 1072; x_wconf 87' lang='lat' dir='ltr'>censorum</span> <span class='ocrx_word' id='word_1_57' title='bbox 442 1007 565 1091; x_wconf 82' lang='lat' dir='ltr'>proximi</span> <span class='ocrx_word' id='word_1_58' title='bbox 576 1012 704 1072; x_wconf 83' lang='lat' dir='ltr'>consules</span> <span class='ocrx_word' id='word_1_59' title='bbox 716 1012 871 1088; x_wconf 81' lang='lat' dir='ltr'>haberent,</span> 
     </span>
     <span class='ocr_line' id='line_1_10' title="bbox 194 1089 875 1173; baseline 0 -21"><span class='ocrx_word' id='word_1_60' title='bbox 194 1111 285 1170; x_wconf 82' lang='lat' dir='ltr'>petere</span> <span class='ocrx_word' id='word_1_61' title='bbox 297 1089 382 1172; x_wconf 74' lang='lat' dir='ltr'>polle</span> <span class='ocrx_word' id='word_1_62' title='bbox 392 1137 403 1164; x_wconf 86' lang='lat'>,</span> <span class='ocrx_word' id='word_1_63' title='bbox 415 1111 464 1152; x_wconf 83' lang='lat' dir='ltr'>aut</span> <span class='ocrx_word' id='word_1_64' title='bbox 473 1096 607 1152; x_wconf 77' lang='lat' dir='ltr'>votivam</span> <span class='ocrx_word' id='word_1_65' title='bbox 615 1094 790 1173; x_wconf 82' lang='lat' dir='ltr'>legationem</span> <span class='ocrx_word' id='word_1_66' title='bbox 802 1092 875 1152; x_wconf 91' lang='lat' dir='ltr'>sutn·</span> 
     </span>
     <span class='ocr_line' id='line_1_11' title="bbox 162 1171 870 1252; baseline 0.001 -21"><span class='ocrx_word' id='word_1_67' title='bbox 162 1185 165 1190; x_wconf 87' lang='lat'>&#39;</span> <span class='ocrx_word' id='word_1_68' title='bbox 194 1171 266 1250; x_wconf 77' lang='lat' dir='ltr'>psiffe</span> <span class='ocrx_word' id='word_1_69' title='bbox 285 1173 384 1252; x_wconf 69' lang='lat' dir='ltr'>prope</span> <span class='ocrx_word' id='word_1_70' title='bbox 403 1175 535 1232; x_wconf 89' lang='lat' dir='ltr'>omnium</span> <span class='ocrx_word' id='word_1_71' title='bbox 552 1172 704 1245; x_wconf 81' lang='lat' dir='ltr'>fanorum,</span> <span class='ocrx_word' id='word_1_72' title='bbox 724 1172 870 1233; x_wconf 91' lang='lat' dir='ltr'>lucorum:</span> 
     </span>
     <span class='ocr_line' id='line_1_12' title="bbox 194 1251 873 1332; baseline 0.001 -20"><span class='ocrx_word' id='word_1_73' title='bbox 194 1255 227 1312; x_wconf 81' lang='lat' dir='ltr'>tic</span> <span class='ocrx_word' id='word_1_74' title='bbox 242 1254 324 1312; x_wconf 87' lang='lat' dir='ltr'>enim</span> <span class='ocrx_word' id='word_1_75' title='bbox 339 1251 443 1311; x_wconf 79' lang='lat' dir='ltr'>nostrae</span> <span class='ocrx_word' id='word_1_76' title='bbox 459 1256 584 1313; x_wconf 84' lang='lat' dir='ltr'>rationes</span> <span class='ocrx_word' id='word_1_77' title='bbox 604 1252 803 1332; x_wconf 83' lang='lat' dir='ltr'>postulabant:</span> <span class='ocrx_word' id='word_1_78' title='bbox 822 1253 873 1313; x_wconf 88' lang='lat' dir='ltr'>sed</span> 
     </span>
     <span class='ocr_line' id='line_1_13' title="bbox 193 1332 872 1412; baseline 0.001 -22"><span class='ocrx_word' id='word_1_79' title='bbox 193 1333 264 1392; x_wconf 84' lang='lat' dir='ltr'>rolui</span> <span class='ocrx_word' id='word_1_80' title='bbox 276 1353 379 1392; x_wconf 82' lang='lat' dir='ltr'>meam</span> <span class='ocrx_word' id='word_1_81' title='bbox 399 1332 572 1412; x_wconf 80' lang='lat' dir='ltr'>potestatem</span> <span class='ocrx_word' id='word_1_82' title='bbox 590 1332 647 1392; x_wconf 86' lang='lat' dir='ltr'>elle</span> <span class='ocrx_word' id='word_1_83' title='bbox 665 1334 714 1392; x_wconf 91' lang='lat' dir='ltr'>vel</span> <span class='ocrx_word' id='word_1_84' title='bbox 732 1334 872 1412; x_wconf 87' lang='lat' dir='ltr'>petendi,</span> 
     </span>
     <span class='ocr_line' id='line_1_14' title="bbox 193 1411 869 1486; baseline 0.001 -14"><span class='ocrx_word' id='word_1_85' title='bbox 193 1413 232 1472; x_wconf 81' lang='lat' dir='ltr'>tel</span> <span class='ocrx_word' id='word_1_86' title='bbox 256 1416 381 1473; x_wconf 86' lang='lat' dir='ltr'>ineunte</span> <span class='ocrx_word' id='word_1_87' title='bbox 408 1411 502 1474; x_wconf 83' lang='lat' dir='ltr'>aellate</span> <span class='ocrx_word' id='word_1_88' title='bbox 528 1414 678 1486; x_wconf 79' lang='lat' dir='ltr'>exeundi3</span> <span class='ocrx_word' id='word_1_89' title='bbox 702 1413 734 1471; x_wconf 74' lang='grc' dir='ltr'>δι</span> <span class='ocrx_word' id='word_1_90' title='bbox 759 1415 869 1473; x_wconf 84' lang='lat' dir='ltr'>interea</span> 
     </span>
     <span class='ocr_line' id='line_1_15' title="bbox 191 1491 871 1573; baseline 0 -19"><span class='ocrx_word' id='word_1_91' title='bbox 191 1513 231 1554; x_wconf 81' lang='lat' dir='ltr'>tue</span> <span class='ocrx_word' id='word_1_92' title='bbox 246 1491 303 1554; x_wconf 82' lang='lat' dir='ltr'>effe</span> <span class='ocrx_word' id='word_1_93' title='bbox 323 1496 355 1552; x_wconf 89' lang='lat' dir='ltr'>in</span> <span class='ocrx_word' id='word_1_94' title='bbox 375 1493 467 1554; x_wconf 86' lang='lat' dir='ltr'>oculis</span> <span class='ocrx_word' id='word_1_95' title='bbox 481 1497 608 1565; x_wconf 88' lang='lat' dir='ltr'>civium,</span> <span class='ocrx_word' id='word_1_96' title='bbox 629 1494 666 1553; x_wconf 92' lang='lat' dir='ltr'>de</span> <span class='ocrx_word' id='word_1_97' title='bbox 687 1514 735 1553; x_wconf 87' lang='lat' dir='ltr'>me</span> <span class='ocrx_word' id='word_1_98' title='bbox 757 1495 871 1573; x_wconf 68' lang='lat' dir='ltr'>optime</span> 
     </span>
     <span class='ocr_line' id='line_1_16' title="bbox 191 1573 871 1655; baseline 0.003 -23"><span class='ocrx_word' id='word_1_99' title='bbox 191 1575 385 1645; x_wconf 84' lang='lat' dir='ltr'>meritorum,</span> <span class='ocrx_word' id='word_1_100' title='bbox 408 1595 467 1644; x_wconf 82' lang='lat' dir='ltr'>non</span> <span class='ocrx_word' id='word_1_101' title='bbox 484 1575 609 1635; x_wconf 88' lang='lat' dir='ltr'>alienum</span> <span class='ocrx_word' id='word_1_102' title='bbox 629 1575 738 1655; x_wconf 89' lang='lat' dir='ltr'>putavi.</span> <span class='ocrx_word' id='word_1_103' title='bbox 757 1576 802 1633; x_wconf 89' lang='lat' dir='ltr'>Ac</span> <span class='ocrx_word' id='word_1_104' title='bbox 818 1573 871 1635; x_wconf 86' lang='lat' dir='ltr'>fo·</span> 
     </span>
     <span class='ocr_line' id='line_1_17' title="bbox 143 1652 870 1734; baseline 0.004 -24"><span class='ocrx_word' id='word_1_105' title='bbox 143 1669 151 1726; x_wconf 83' lang='grc'>;</span> <span class='ocrx_word' id='word_1_106' title='bbox 189 1657 311 1714; x_wconf 78' lang='lat' dir='ltr'>tensium</span> <span class='ocrx_word' id='word_1_107' title='bbox 329 1653 451 1734; x_wconf 82' lang='lat' dir='ltr'>quidem</span> <span class='ocrx_word' id='word_1_108' title='bbox 466 1661 559 1714; x_wconf 78' lang='lat' dir='ltr'>rerum</span> <span class='ocrx_word' id='word_1_109' title='bbox 577 1655 638 1713; x_wconf 85' lang='lat' dir='ltr'>haec</span> <span class='ocrx_word' id='word_1_110' title='bbox 659 1652 754 1713; x_wconf 88' lang='lat' dir='ltr'>nostra</span> <span class='ocrx_word' id='word_1_111' title='bbox 771 1657 870 1716; x_wconf 87' lang='lat' dir='ltr'>consi·</span> 
     </span>
     <span class='ocr_line' id='line_1_18' title="bbox 189 1730 869 1804; baseline 0.003 -12"><span class='ocrx_word' id='word_1_112' title='bbox 189 1730 221 1792; x_wconf 80' lang='lat' dir='ltr'>lia</span> <span class='ocrx_word' id='word_1_113' title='bbox 241 1732 328 1804; x_wconf 87' lang='lat' dir='ltr'>sunt,</span> <span class='ocrx_word' id='word_1_114' title='bbox 351 1732 573 1794; x_wconf 85' lang='lat' dir='ltr'>domesticarum</span> <span class='ocrx_word' id='word_1_115' title='bbox 592 1754 689 1794; x_wconf 87' lang='lat' dir='ltr'>autem</span> <span class='ocrx_word' id='word_1_116' title='bbox 707 1735 793 1795; x_wconf 82' lang='lat' dir='ltr'>valde</span> <span class='ocrx_word' id='word_1_117' title='bbox 812 1739 869 1794; x_wconf 86' lang='lat' dir='ltr'>im-</span> 
     </span>
     <span class='ocr_line' id='line_1_19' title="bbox 190 1812 867 1895; baseline 0.003 -23"><span class='ocrx_word' id='word_1_118' title='bbox 190 1812 299 1888; x_wconf 73' lang='lat' dir='ltr'>perlita:</span> <span class='ocrx_word' id='word_1_119' title='bbox 320 1812 426 1873; x_wconf 88' lang='lat' dir='ltr'>domus</span> <span class='ocrx_word' id='word_1_120' title='bbox 446 1813 622 1886; x_wconf 84' lang='lat' dir='ltr'>aedificatur3</span> <span class='ocrx_word' id='word_1_121' title='bbox 640 1815 691 1874; x_wconf 85' lang='lat' dir='ltr'>scis</span> <span class='ocrx_word' id='word_1_122' title='bbox 711 1836 770 1895; x_wconf 87' lang='lat' dir='ltr'>quo</span> <span class='ocrx_word' id='word_1_123' title='bbox 786 1815 867 1874; x_wconf 87' lang='lat' dir='ltr'>sum-</span> 
     </span>
     <span class='ocr_line' id='line_1_20' title="bbox 190 1893 869 1975; baseline 0.003 -24"><span class='ocrx_word' id='word_1_124' title='bbox 190 1910 262 1972; x_wconf 77' lang='lat' dir='ltr'>ptu,</span> <span class='ocrx_word' id='word_1_125' title='bbox 281 1893 340 1975; x_wconf 63' lang='lat' dir='ltr'>qua</span> <span class='ocrx_word' id='word_1_126' title='bbox 356 1893 489 1953; x_wconf 60' lang='lat' dir='ltr'>molesti&amp;</span> <span class='ocrx_word' id='word_1_127' title='bbox 504 1894 644 1956; x_wconf 77' lang='lat' dir='ltr'>reficiatur</span> <span class='ocrx_word' id='word_1_128' title='bbox 662 1894 869 1970; x_wconf 79' lang='lat' dir='ltr'>Formianum3</span> 
     </span>
     <span class='ocr_line' id='line_1_21' title="bbox 193 1971 868 2058; baseline 0.007 -28"><span class='ocrx_word' id='word_1_129' title='bbox 193 1971 307 2050; x_wconf 82' lang='lat' dir='ltr'>quotie</span> <span class='ocrx_word' id='word_1_130' title='bbox 326 1995 346 2034; x_wconf 90' lang='lat' dir='ltr'>o</span> <span class='ocrx_word' id='word_1_131' title='bbox 376 1993 432 2032; x_wconf 87' lang='lat' dir='ltr'>nec</span> <span class='ocrx_word' id='word_1_132' title='bbox 460 1976 623 2058; x_wconf 86' lang='lat' dir='ltr'>relinquere</span> <span class='ocrx_word' id='word_1_133' title='bbox 647 1972 787 2055; x_wconf 80' lang='lat' dir='ltr'>polium,</span> <span class='ocrx_word' id='word_1_134' title='bbox 812 1995 868 2035; x_wconf 90' lang='lat' dir='ltr'>nec</span> 
     </span>
     <span class='ocr_line' id='line_1_22' title="bbox 193 2051 870 2135; baseline 0.01 -24"><span class='ocrx_word' id='word_1_135' title='bbox 193 2051 299 2113; x_wconf 83' lang='lat' dir='ltr'>ridere.</span> <span class='ocrx_word' id='word_1_136' title='bbox 339 2053 506 2114; x_wconf 91' lang='lat' dir='ltr'>usculanum</span> <span class='ocrx_word' id='word_1_137' title='bbox 524 2056 693 2135; x_wconf 86' lang='lat' dir='ltr'>proscripsi:</span> <span class='ocrx_word' id='word_1_138' title='bbox 708 2053 870 2118; x_wconf 86' lang='lat' dir='ltr'>suburbano</span> 
     </span>
     <span class='ocr_line' id='line_1_23' title="bbox 189 2131 870 2216; baseline 0.007 -28"><span class='ocrx_word' id='word_1_139' title='bbox 189 2151 247 2190; x_wconf 90' lang='lat' dir='ltr'>non</span> <span class='ocrx_word' id='word_1_140' title='bbox 259 2131 338 2194; x_wconf 70' lang='lat' dir='ltr'>facile</span> <span class='ocrx_word' id='word_1_141' title='bbox 351 2155 448 2196; x_wconf 84' lang='lat' dir='ltr'>careo.</span> <span class='ocrx_word' id='word_1_142' title='bbox 460 2135 630 2196; x_wconf 83' lang='lat' dir='ltr'>Amicorum</span> <span class='ocrx_word' id='word_1_143' title='bbox 642 2137 804 2216; x_wconf 83' lang='lat' dir='ltr'>benignitas</span> <span class='ocrx_word' id='word_1_144' title='bbox 814 2156 870 2195; x_wconf 87' lang='lat' dir='ltr'>ex-</span> 
     </span>
     <span class='ocr_line' id='line_1_24' title="bbox 187 2211 870 2296; baseline 0.003 -24"><span class='ocrx_word' id='word_1_145' title='bbox 187 2211 279 2272; x_wconf 71' lang='lat' dir='ltr'>hausta</span> <span class='ocrx_word' id='word_1_146' title='bbox 290 2212 334 2274; x_wconf 84' lang='lat' dir='ltr'>est</span> <span class='ocrx_word' id='word_1_147' title='bbox 349 2217 381 2273; x_wconf 81' lang='lat' dir='ltr'>in</span> <span class='ocrx_word' id='word_1_148' title='bbox 396 2235 432 2274; x_wconf 87' lang='lat' dir='ltr'>ea</span> <span class='ocrx_word' id='word_1_149' title='bbox 446 2236 498 2288; x_wconf 84' lang='lat' dir='ltr'>re,</span> <span class='ocrx_word' id='word_1_150' title='bbox 516 2238 579 2296; x_wconf 80' lang='lat' dir='ltr'>quae</span> <span class='ocrx_word' id='word_1_151' title='bbox 597 2216 665 2275; x_wconf 89' lang='lat' dir='ltr'>nihil</span> <span class='ocrx_word' id='word_1_152' title='bbox 683 2215 782 2275; x_wconf 79' lang='lat' dir='ltr'>habuit</span> <span class='ocrx_word' id='word_1_153' title='bbox 797 2236 870 2294; x_wconf 86' lang='lat' dir='ltr'>prae·</span> 
     </span>
     <span class='ocr_line' id='line_1_25' title="bbox 186 2293 870 2376; baseline 0.009 -25"><span class='ocrx_word' id='word_1_154' title='bbox 186 2308 227 2352; x_wconf 87' lang='lat' dir='ltr'>ter</span> <span class='ocrx_word' id='word_1_155' title='bbox 240 2293 386 2354; x_wconf 87' lang='lat' dir='ltr'>dedecus:</span> <span class='ocrx_word' id='word_1_156' title='bbox 402 2297 483 2374; x_wconf 92' lang='lat' dir='ltr'>quod</span> <span class='ocrx_word' id='word_1_157' title='bbox 496 2295 603 2355; x_wconf 85' lang='lat' dir='ltr'>sensisti</span> <span class='ocrx_word' id='word_1_158' title='bbox 615 2315 647 2355; x_wconf 89' lang='lat' dir='ltr'>tu</span> <span class='ocrx_word' id='word_1_159' title='bbox 663 2296 780 2368; x_wconf 86' lang='lat' dir='ltr'>absens;</span> <span class='ocrx_word' id='word_1_160' title='bbox 796 2319 870 2376; x_wconf 81' lang='lat' dir='ltr'>prae-</span> 
     </span>
     <span class='ocr_line' id='line_1_26' title="bbox 186 2370 868 2458; baseline 0.013 -28"><span class='ocrx_word' id='word_1_161' title='bbox 186 2370 299 2448; x_wconf 84' lang='lat' dir='ltr'>sentes,</span> <span class='ocrx_word' id='word_1_162' title='bbox 316 2375 553 2456; x_wconf 85' lang='lat' dir='ltr'>quorum-studiis</span> <span class='ocrx_word' id='word_1_163' title='bbox 569 2397 648 2458; x_wconf 87' lang='lat' dir='ltr'>ego,</span> <span class='ocrx_word' id='word_1_164' title='bbox 666 2378 697 2435; x_wconf 74' lang='grc' dir='ltr'>ὃ(</span> <span class='ocrx_word' id='word_1_165' title='bbox 713 2380 804 2456; x_wconf 88' lang='lat' dir='ltr'>copiis</span> <span class='ocrx_word' id='word_1_166' title='bbox 820 2423 830 2450; x_wconf 90' lang='lat'>‚</span> <span class='ocrx_word' id='word_1_167' title='bbox 843 2382 868 2439; x_wconf 90' lang='lat' dir='ltr'>si</span> 
     </span>
     <span class='ocr_line' id='line_1_27' title="bbox 186 2451 868 2535; baseline 0.01 -22"><span class='ocrx_word' id='word_1_168' title='bbox 186 2451 252 2514; x_wconf 84' lang='lat' dir='ltr'>ellet</span> <span class='ocrx_word' id='word_1_169' title='bbox 271 2473 325 2535; x_wconf 89' lang='lat' dir='ltr'>per</span> <span class='ocrx_word' id='word_1_170' title='bbox 342 2475 425 2515; x_wconf 86' lang='lat' dir='ltr'>meos</span> <span class='ocrx_word' id='word_1_171' title='bbox 444 2456 609 2517; x_wconf 85' lang='lat' dir='ltr'>defensores</span> <span class='ocrx_word' id='word_1_172' title='bbox 630 2457 763 2529; x_wconf 89' lang='lat' dir='ltr'>licitum,</span> <span class='ocrx_word' id='word_1_173' title='bbox 783 2457 868 2520; x_wconf 75' lang='lat' dir='ltr'>facille</span> 
     </span>
     <span class='ocr_line' id='line_1_28' title="bbox 185 2531 867 2621; baseline 0.013 -29"><span class='ocrx_word' id='word_1_174' title='bbox 185 2531 271 2594; x_wconf 86' lang='lat' dir='ltr'>essem</span> <span class='ocrx_word' id='word_1_175' title='bbox 295 2537 395 2594; x_wconf 89' lang='lat' dir='ltr'>omnia</span> <span class='ocrx_word' id='word_1_176' title='bbox 416 2536 604 2598; x_wconf 86' lang='lat' dir='ltr'>consecutus:</span> <span class='ocrx_word' id='word_1_177' title='bbox 628 2542 735 2617; x_wconf 91' lang='lat' dir='ltr'>quoin</span> <span class='ocrx_word' id='word_1_178' title='bbox 758 2559 867 2621; x_wconf 84' lang='lat' dir='ltr'>genere</span> 
     </span>
     <span class='ocr_line' id='line_1_29' title="bbox 184 2614 865 2699; baseline 0.012 -29"><span class='ocrx_word' id='word_1_179' title='bbox 184 2633 257 2674; x_wconf 85' lang='lat' dir='ltr'>nunc</span> <span class='ocrx_word' id='word_1_180' title='bbox 274 2614 467 2677; x_wconf 86' lang='lat' dir='ltr'>vehementer</span> <span class='ocrx_word' id='word_1_181' title='bbox 485 2618 636 2678; x_wconf 86' lang='lat' dir='ltr'>laboratur.</span> <span class='ocrx_word' id='word_1_182' title='bbox 655 2616 783 2692; x_wconf 85' lang='lat' dir='ltr'>Cetera,</span> <span class='ocrx_word' id='word_1_183' title='bbox 801 2641 865 2699; x_wconf 79' lang='lat' dir='ltr'>quae</span> 
     </span>
     <span class='ocr_line' id='line_1_30' title="bbox 183 2693 868 2777; baseline 0.006 -24"><span class='ocrx_word' id='word_1_184' title='bbox 183 2714 229 2754; x_wconf 87' lang='lat' dir='ltr'>me</span> <span class='ocrx_word' id='word_1_185' title='bbox 248 2693 400 2756; x_wconf 88' lang='lat' dir='ltr'>sollicitant</span> <span class='ocrx_word' id='word_1_186' title='bbox 421 2741 430 2768; x_wconf 94' lang='lat'>‚</span> <span class='ocrx_word' id='word_1_187' title='bbox 452 2698 619 2777; x_wconf 65' lang='grc' dir='ltr'>μυςιιιδημ</span> <span class='ocrx_word' id='word_1_188' title='bbox 637 2698 715 2758; x_wconf 88' lang='lat' dir='ltr'>sunt:</span> <span class='ocrx_word' id='word_1_189' title='bbox 737 2719 868 2759; x_wconf 78' lang='lat' dir='ltr'>amamur</span> 
     </span>
     <span class='ocr_line' id='line_1_31' title="bbox 183 2774 814 2859; baseline 0.006 -25"><span class='ocrx_word' id='word_1_190' title='bbox 183 2774 323 2850; x_wconf 78' lang='lat' dir='ltr'>asratre,</span> <span class='ocrx_word' id='word_1_191' title='bbox 339 2778 372 2838; x_wconf 71' lang='grc' dir='ltr'>ὃ(</span> <span class='ocrx_word' id='word_1_192' title='bbox 389 2798 407 2838; x_wconf 91' lang='lat' dir='ltr'>a</span> <span class='ocrx_word' id='word_1_193' title='bbox 424 2774 492 2839; x_wconf 83' lang='lat' dir='ltr'>filia.</span> <span class='ocrx_word' id='word_1_194' title='bbox 513 2775 559 2838; x_wconf 90' lang='lat' dir='ltr'>Te</span> <span class='ocrx_word' id='word_1_195' title='bbox 579 2778 783 2859; x_wconf 72' lang='lat' dir='ltr'>exspectamus.</span> <span class='ocrx_word' id='word_1_196' title='bbox 812 2827 814 2832; x_wconf 68' lang='lat'>,</span> 
     </span>
    </p>
   </div>
   <div class='ocr_carea' id='block_1_3' title="bbox 661 2935 744 3017">
    <p class='ocr_par' dir='ltr' id='par_1_3' title="bbox 661 2935 744 3017">
     <span class='ocr_line' id='line_1_32' title="bbox 661 2935 744 3017; baseline 0 -22"><span class='ocrx_word' id='word_1_197' title='bbox 661 2936 691 2995; x_wconf 78' lang='lat' dir='ltr'>rt</span> <span class='ocrx_word' id='word_1_198' title='bbox 713 2935 744 3017; x_wconf 56' lang='grc' dir='ltr'>ἢ]</span> 
     </span>
    </p>
   </div>
   <div class='ocr_carea' id='block_1_4' title="bbox 0 0 1064 3984">
    <p class='ocr_par' dir='ltr' id='par_1_4' title="bbox 0 0 1064 3984">
     <span class='ocr_line' id='line_1_33' title="bbox 0 0 1064 3984; baseline 0 4"><span class='ocrx_word' id='word_1_199' title='bbox 0 0 1064 3984; x_wconf 95' lang='lat' dir='ltr'> </span> 
     </span>
    </p>
   </div>
  </div>
 </body>
</html>
