2117 3984
199 417 319 470 AD
347 403 755 471 Arrtcmn
783 403 959 476 Lm.
990 406 1205 479 VIII.
1264 426 1404 505 357

199 537 295 579 me
333 518 564 577 illorum
616 518 911 578 sententiae
949 521 1133 580 minus
1180 542 1407 582 move-

212 616 229 656 ε
266 599 454 657 minus
490 598 670 657 multa
706 598 986 659 dederant
1023 600 1102 659 illi
1131 603 1406 682 reipubli-

175 678 432 760 ›ignorat
473 695 572 737 tua
608 678 939 739 mehercule
977 678 1276 739 auctoritas
1294 703 1401 743 ve·-

175 775 343 818 enoer
396 775 600 818 movet
635 778 655 829 ;
693 756 857 819 affert
891 760 1049 818 enim
1095 758 1159 819 &
1198 761 1402 842 reliqui

175 840 322 917 poris
355 857 489 898 recu
534 838 731 898 erandi
763 840 1046 899 rationem
1082 883 1102 912 ,
1143 838 1207 898 &
1290 860 1406 900 rae-

176 941 209 980 ,s
239 918 461 979 tuendi.
540 915 616 978 ed
642 962 662 991 ,
700 917 940 979 obsecro
977 933 1034 978 te
1060 963 1080 993 ,
1116 921 1213 999 qui
1289 920 1404 981 hbe

176 1000 298 1059 rius
322 1041 342 1070 ‚
379 997 551 1079 quam
587 997 827 1059 alterum
861 998 1084 1079 plausus
1119 1000 1179 1057 in
1208 999 1410 1061 foedis-

175 1128 181 1136 .
214 1077 382 1138 causa
426 1097 721 1159 quaerere,
760 1080 1002 1138 alterum
1052 1076 1404 1141 offensiones

175 1156 418 1239 ptima'?
460 1158 700 1218 alterum
743 1156 1045 1219 existimari
1099 1159 1405 1222 conserva-

175 1259 235 1298 m
276 1237 642 1298 inimicorum
685 1281 706 1311 ,
757 1238 995 1298 alterum
1053 1237 1403 1301 desertorem

175 1337 361 1378 :orum
397 1317 419 1377 ἓ
452 1316 525 1378 Et
566 1316 892 1378 mehercule
943 1321 1204 1398 quamvis
1244 1341 1408 1381 ame·

202 1395 455 1460 Cnaeum
488 1395 782 1473 nostrum,
813 1413 877 1458 ut
912 1398 977 1457 &
1011 1396 1290 1473 facimus,
1336 1402 1405 1461 ὅτ.

176 1497 325 1540 emus
356 1497 376 1551 ;
404 1495 598 1539 tamen
631 1478 746 1538 hoc
772 1523 792 1552 ‚
826 1477 986 1559 qubd
1021 1478 1224 1537 talibus
1266 1481 1407 1541 viris

192 1558 463 1620 subvenit
483 1602 502 1633 ,
538 1558 771 1618 laudare
813 1579 934 1618 non
969 1556 1193 1637 possum
1224 1578 1238 1616 ε
1266 1579 1406 1619 nam

188 1641 389 1700 timuit
419 1659 439 1711 ;
472 1639 611 1720 quid
644 1639 908 1719 ignavius
938 1636 961 1698 ἓ
996 1641 1118 1698 sive
1146 1682 1165 1709 ‚
1196 1655 1260 1699 ut
1364 1642 1410 1689 ‘-

224 1737 468 1802 putant‚
502 1720 805 1780 meliorem
828 1718 986 1779 suam
1023 1716 1247 1778 causam
1272 1660 1363 1779 ff
1380 1752 1412 1767 -

212 1800 379 1862 caede
414 1798 544 1860 fore
587 1800 809 1879 putavit
844 1820 864 1871 ;
905 1799 1044 1879 quid
1091 1796 1344 1877 injustius
1380 1800 1405 1860 ἓ

178 1880 311 1942 ωε
332 1882 662 1941 omittamus
692 1899 707 1937 ε
744 1899 1015 1960 augemus
1052 1881 1210 1939 enim
1241 1879 1407 1940 dolo-

206 1957 601 2022 ·retraflando.
651 1956 829 2018 Sexto
885 1958 1135 2018 Kalend.
1176 1959 1408 2039 vesperi

177 2063 263 2102 »us
305 2041 494 2097 minor
535 2038 606 2097 ad
649 2056 744 2096 me
777 2039 941 2097 venit
978 2082 998 2109 ,
1042 2037 1271 2097 occulta
1308 2039 1407 2101 via

177 2141 281 2183 ens
318 2118 393 2177 ad
438 2116 744 2177 Lentulum
780 2113 896 2176 cos.
938 2114 1103 2175 missu
1129 2114 1404 2192 Caesari5‚

177 2253 183 2259 .
216 2201 422 2260 litteris
446 2242 465 2271 ,
503 2217 635 2256 cum
660 2194 937 2255 mandatis
961 2238 980 2266 ‚
1013 2215 1145 2253 cum
1172 2197 1412 2274 promis.

179 2301 219 2342 e
252 2279 568 2361 provinciae
598 2322 617 2351 ,
652 2274 905 2335 Romam
942 2291 1006 2334 ut
1044 2274 1282 2335 redeat:
1318 2278 1412 2337 cui

177 2359 381 2421 haderi
467 2356 585 2418 osse
635 2378 755 2415 non
801 2356 1043 2415 arbitror
1080 2400 1100 2430 ,
1157 2358 1261 2415 nisi
1303 2359 1411 2418 erit

178 2447 398 2501 ventus·
469 2438 604 2499 dem
636 2435 861 2511 aiebat,
901 2436 1038 2495 nihil
1077 2436 1246 2496 malle
1274 2433 1411 2496 Cae-

179 2541 239 2582 m
268 2565 288 2594 ,
329 2518 504 2602 quam
536 2536 599 2579 ut
631 2516 974 2597 Pompeium
1012 2515 1364 2597 afflqueretur
1382 2562 1409 2591 ,

179 2601 335 2662 sedo
369 2620 388 2671 ;
422 2600 484 2659 &
516 2602 710 2658 rediret
747 2601 807 2657 in
840 2599 1076 2678 gratiam
1113 2640 1135 2668 ,
1182 2598 1241 2656 id
1288 2620 1409 2659 non

179 2681 235 2742 lo
264 2701 281 2739 ε
320 2680 384 2739 &
424 2696 620 2739 metuo
646 2723 665 2752 ‚
693 2697 768 2738 ne
796 2680 982 2737 omnis
1010 2678 1130 2738 haec
1162 2679 1411 2739 clemen·-

179 2759 238 2821 td
270 2778 449 2820 unam
473 2758 630 2818 illam
666 2758 1057 2818 crudelitatem
1098 2757 1418 2839 colligatur.

179 2861 271 2901 >us
315 2839 552 2920 quidem
592 2834 776 2915 major
816 2837 891 2898 ad
932 2857 1027 2899 me
1072 2836 1259 2898 scribit
1283 2881 1302 2909 ‚
1328 2838 1418 2893 ni-

179 2919 354 2984 malle
385 2917 712 2993 Caesarem,
747 2916 921 2998 quem
955 2919 1214 2999 principe
1245 2915 1419 2976 Pom-
