2117 3984
294 445 759 540 ADArrrcvir'LmJX.
794 489 862 564 435

185 580 271 642 letam
291 600 361 662 puto
373 602 381 640 ι
394 580 443 642 sed
463 584 584 659 nequis
603 600 651 642 me
670 599 753 662 putet
772 585 869 663 ingra-

184 678 246 722 tum
270 664 301 722 'm
323 682 417 733 eum,
438 663 487 739 qui
508 680 556 721 me
577 661 685 723 levavit
704 667 737 724 iis
756 666 869 726 incomr

184 742 304 815 modis,
325 741 427 823 quibus
448 739 528 801 idem
550 738 705 804 affecerat:
728 744 760 805 ὅ(
780 744 866 805 simul

183 823 267 902 qubd
292 841 352 894 ea,
375 840 437 900 quae
457 818 551 893 fiunt,
573 838 621 882 aur
641 841 705 901 que
724 826 799 885 certe
817 823 866 885 fu-

183 919 249 962 tura
260 900 340 974 sunt,
352 901 452 961 videre
466 921 526 960 non
541 899 664 981 poffum.
677 898 772 961 Etiam
784 906 867 983 equi-

184 981 255 1041 dem
268 979 504 1041 senatusconsulta
516 979 589 1040 sada
622 981 735 1041 uaedam
746 977 805 1059 jam
817 1003 868 1061 pm

184 1077 246 1133 to;
269 1063 375 1122 utinam
396 1063 426 1120 in
448 1060 578 1120 Volcatii
596 1002 768 1121 {qententiam
788 1081 795 1119 :
818 1061 867 1122 sed
982 1070 984 1081 '

184 1141 256 1222 quid
276 1140 385 1202 refert?
407 1139 448 1201 est
468 1143 547 1201 enim
563 1162 620 1201 una
641 1141 780 1202 sententia
796 1162 867 1201 om·

184 1224 275 1281 nium.
295 1220 354 1281 Sed
375 1223 428 1282 erit
447 1218 644 1298 injustissimus
664 1220 800 1294 Servius,
819 1225 869 1302 qui

184 1298 277 1363 filium
308 1301 386 1360 misit
412 1301 449 1360 ad
473 1299 662 1382 effligendum
690 1301 748 1363 Cn.
776 1301 870 1361 Pom-

184 1386 304 1461 peium,
325 1398 374 1440 aur
393 1380 470 1441 certe
490 1382 685 1463 capiendum,
703 1402 769 1441 cum
784 1381 869 1442 Pon-

185 1464 226 1523 tio
252 1461 402 1523 Titinizmo
423 1482 431 1520 ι
453 1462 507 1521 etsi
533 1462 581 1522 hic
609 1462 728 1543 quidem
757 1465 869 1524 timoris

185 1543 289 1617 causi,
306 1541 354 1602 ille
372 1541 468 1603 verb?
487 1540 548 1603 Sed
565 1540 735 1606 stomachari
752 1543 869 1602 desina-

185 1643 249 1684 mus
270 1619 290 1697 ,'
308 1622 340 1681 δι
358 1621 395 1682 ali
472 1622 512 1684 do
536 1620 728 1698 sentemiam,
747 1639 779 1682 ut
798 1623 869 1685 nihil

186 1704 287 1777 novi,
306 1703 361 1763 nisi
381 1704 391 1762 i
430 1702 543 1783 ‚qubd
564 1706 715 1766 minimum
739 1703 869 1778 vellem,

185 1783 314 1864 spiritum
328 1782 470 1866 reliquum
486 1781 554 1848 effe.
569 1783 656 1858 Nos,
671 1786 808 1866 quoniam
825 1782 870 1844 su·

186 1884 288 1945 perum
307 1883 387 1926 mare
409 1864 581 1941 obsidetur,
598 1863 693 1928 infero
714 1865 869 1947 navigabi-

186 1965 250 2007 mus
267 1964 278 2020 ;
295 1944 349 2018 δι,
367 1945 392 2004 si
413 1942 540 2008 Puteolis
555 1948 610 2007 erit
628 1943 766 2016 difficile,
790 1944 870 2005 Cro-

187 2042 289 2086 tonem
309 2041 473 2105 petemus,
498 2042 548 2086 aut
563 2025 691 2086 Thurios
713 2046 723 2096 ;
747 2024 780 2083 &
797 2025 870 2084 boni

190 2105 286 2178 cives,
302 2122 431 2166 amantes
445 2106 544 2185 patrie
554 2147 563 2177 ‚
573 2124 652 2164 mare
667 2102 799 2166 infestum
816 2105 871 2164 ha·

187 2185 337 2247 bebimus:
359 2185 444 2245 aliam
464 2186 604 2245 rationem
626 2180 709 2261 hujus
727 2183 797 2244 belli
812 2205 871 2266 ge·

188 2267 271 2327 rendi
301 2266 408 2327 nullam
436 2264 536 2325 video.
564 2262 599 2323 ln
625 2262 786 2345 AEgyprum
814 2284 871 2326 nos

187 2346 342 2407 abdimus:
365 2347 490 2406 exercitu
511 2364 594 2424 pares
615 2341 669 2403 effe
688 2364 749 2404 non
769 2341 871 2423 poffu-

187 2447 271 2487 mus:
292 2431 367 2505 pacis
387 2424 460 2485 fides
482 2426 559 2485 nulla
580 2421 628 2484 est.
648 2423 707 2485 Sed
726 2424 787 2483 haec
806 2424 872 2486 satis

186 2507 339 2588 deplorata
360 2504 432 2565 sum.
453 2501 503 2564 Tu
522 2506 613 2567 veiim
628 2503 735 2565 litteras
753 2502 871 2585 Cepha-

186 2588 259 2648 lioni
280 2586 330 2645 des
349 2586 385 2646 de
404 2586 538 2645 omnibus
557 2587 642 2646 rebus
663 2583 758 2658 affis3
784 2586 870 2647 deni·

176 2687 245 2747 -que
269 2668 356 2727 etiam
373 2666 409 2725 de
430 2664 607 2727 sermonibus
626 2665 796 2739 hominum;
815 2670 872 2727 nisi

187 2748 274 2828 plane
291 2747 507 2807 obmutuerunt.
523 2746 548 2807 E
567 2770 587 2808 o
600 2750 655 2806 tuis
671 2748 795 2808 consiliis
807 2746 871 2807 usus

186 2826 268 2900 sum,
285 2826 466 2905 maximeque
480 2769 567 2907 quod
573 2827 742 2909 gravitatem
755 2829 784 2885 in
798 2847 871 2885 con·

188 2907 280 2989 greffu
303 2904 400 2967 nostro
423 2910 524 2980 tenui,
545 2928 632 2988 quam
655 2907 764 2977 debui;
785 2905 870 2968 &ad

188 2988 292 3052 urbem
314 3006 346 3049 ut
368 3005 429 3049 non
453 2988 651 3063 accederem,
678 2983 870 3126 Elerseveravi.
934 3016 938 3025 ·

732 3085 751 3144 ¹1
853 3139 864 3164 ⁶
