2117 3984
184 462 231 532 ‘16
315 461 522 531 Conuattr
547 458 739 532 Narona

184 576 246 656 ejus
267 582 396 658 pecuniae
416 580 521 639 reditus
541 579 688 638 conllabat
706 580 736 636 in
759 572 869 656 Epiro*

183 661 245 717 ticis
260 662 290 718 ὅ(
312 662 425 720 urbanis
443 658 671 740 pollelltonibus.
685 656 728 715 Ex
740 677 800 737 quo
811 678 866 716 co·

183 738 279 818 gnosci
301 738 414 819 potest,
430 762 497 801 eurn
520 739 599 799 usum
625 741 780 819 pecuniae,
803 758 865 796 non

183 820 402 897 magnitudine,
424 820 473 880 sed
492 822 605 879 ratione
624 820 718 877 metiri
738 816 866 877 solitum.

225 898 295 958 XV.
318 899 505 960 Mendacium
534 919 629 980 neque
654 898 788 970 dicebat,
810 917 867 957 ne·

205 1000 241 1038 ue
257 982 317 1059 pari
331 998 454 1060 poterat.
475 979 576 1061 ltaque
586 978 648 1057 ejus
665 979 786 1038 comitas
802 998 865 1038 non
900 985 912 1027 -'

182 998 243 1121 ime
265 1062 415 1121 severitate
436 1078 518 1133 erat,
538 1080 633 1140 neque
655 1062 778 1141 gravitas
804 1056 866 1119 line
895 1087 898 1092 ·

183 1136 375 1212 facilitate3ut
384 1139 499 1200 difficile
509 1138 577 1199 effer
588 1138 754 1210 intelleilu,
768 1140 867 1199 utrum
907 1139 911 1148 '

183 1237 251 1278 eum
271 1223 355 1280 antici
369 1242 415 1280 ma
435 1224 459 1280 is
471 1238 641 1282 vererentur
655 1264 665 1291 ‚
681 1219 766 1299 quint
788 1239 867 1279 ama·

184 1319 259 1358 rent.
281 1243 435 1382 Quidquii
451 1303 624 1383 rogabatur,
643 1300 776 1381 religiose
793 1320 866 1379 pro·

184 1381 318 1441 mittebat
341 1402 352 1454 ;
369 1381 447 1463 quod
468 1404 527 1441 non
550 1382 696 1453 liberalis,
716 1378 765 1439 sed
791 1380 866 1439 levis

147 1533 150 1538 Ι
183 1459 392 1535 arbitrabatur,
404 1463 551 1543 polliceri,
568 1462 647 1542 quod
658 1458 789 1540 praestare
804 1480 867 1520 nou

184 1538 288 1621 pollet.
310 1542 390 1604 ldem
410 1545 440 1602 in
459 1543 580 1603 nitendo
599 1540 679 1622 quod
699 1538 786 1601 semel
814 1539 868 1600 arl-
903 1559 905 1564 ·

102 1632 103 1636 ’
183 1620 317 1695 insiliet,
335 1624 414 1684 tanta
432 1642 493 1685 erat
513 1623 604 1695 curri,
621 1640 651 1681 ut
670 1642 730 1681 non
743 1620 869 1681 manda·
903 1633 906 1642 '

184 1717 265 1774 tam,
279 1702 329 1762 sed
339 1703 416 1763 suatn
426 1724 488 1764 rent
502 1703 650 1763 videretur
661 1721 756 1784 agere.
771 1699 868 1761 Num·
902 1715 904 1722 '

184 1802 271 1921 §uam
291 1782 412 1863 suscepti
433 1786 544 1864 negotii
561 1802 629 1843 eum
650 1782 800 1861 pertaesum
812 1779 867 1842 est.

206 1883 273 1921 uatn
295 1867 375 1923 enirn
401 1862 640 1923 existimationem
666 1864 694 1921 in
715 1882 750 1922 ea
771 1881 803 1921 te
820 1864 868 1945 agi

184 1944 327 2021 putabat3
348 1944 405 2024 qui
427 1944 496 2003 nihil
517 1943 641 2002 habebat
665 1944 769 2008 carius.
783 1940 867 2021 'Quo

183 2020 291 2097 fiebat,
308 2041 339 2083 ut
358 2027 456 2084 omnia
481 2023 526 2083 M.
546 2024 577 2083 &
597 2023 640 2102 Q.
667 2020 868 2097 Ciceronum,
904 2051 906 2058 ·

184 2100 323 2177 Catonis,
344 2105 447 2178 Marii,
465 2104 508 2184 Q.
523 2102 693 2175 Hortensii,
707 2102 775 2161 Auli
786 2100 867 2163 Tor·
904 2115 907 2124 “

183 2187 281 2264 quati,
307 2185 463 2245 multorum
484 2204 624 2265 praeterea
647 2204 663 2244 e
686 2186 776 2242 uirum
802 2182 867 2244 Ro·

183 2283 336 2325 manorum
353 2270 471 2347 negotia
487 2282 665 2346 procuraret.
706 2286 723 2322 x
740 2285 799 2344 quo
818 2261 867 2343 ju·

184 2344 270 2404 dicari
293 2365 424 2425 poterat,
444 2367 505 2405 non
523 2346 643 2416 inertia,
663 2344 712 2404 sed
730 2342 866 2422 judicio,

183 2423 213 2483 fu
236 2423 283 2485 ille
301 2427 465 2505 reipublicae
485 2427 733 2505 procurationem.

255 2505 306 2565 Vl.
332 2506 526 2566 Humanitatis
539 2506 611 2565 verb
630 2506 741 2565 nullum
763 2502 866 2567 afferte

182 2584 274 2663 majus
299 2584 493 2646 testimonium
516 2585 650 2667 poliunt,
673 2586 759 2666 quim
784 2585 866 2666 quod

181 2666 348 2726 adolescens
361 2665 421 2726 seni
435 2665 519 2726 Sullae
536 2666 621 2727 fuerit
633 2664 845 2737 iucundiffitnus
853 2710 866 2742 ,

181 2745 261 2805 idern
281 2744 367 2807 senex
391 2746 568 2809 adolescenti
591 2746 635 2808 M.
662 2746 751 2806 Bruto
768 2766 779 2818 ;
798 2767 866 2807 curn

182 2826 338 2906 aequalibus
360 2844 456 2888 autern
478 2827 552 2900 suis,
575 2827 618 2907 Q.
645 2826 803 2886 Hortensio
825 2828 866 2887 ·&

181 2904 226 2963 Μ.
246 2905 407 2980 Cicerone,
430 2907 467 2967 fic
485 2910 611 2981 vixerit,
629 2925 660 2967 ut
676 2905 795 2984 judicari
812 2906 869 2965 dif-

182 2983 257 3047 ficile
273 2986 325 3066 lit,
339 2990 385 3051 cui
396 2991 470 3051 aetati
482 2989 567 3052 fuerit
577 2985 742 3071 aptiffimus.
753 2987 870 3069 Quaru-
