2117 3984
264 455 326 508 Ar>
343 437 550 506 Arrzcou
569 438 655 506 err.
676 436 779 506 VIII.
809 438 875 530 361

192 551 258 613 saris
277 598 287 630 ,
309 554 554 633 praemiorumque
576 554 744 633 promissis,
765 554 788 611 si
807 551 879 612 Ro-

192 629 270 694 mam
286 630 461 694 revertisset:
479 635 602 705 verum,
618 651 706 713 quum
722 632 816 693 habeo
834 654 879 692 ra·

191 714 303 775 tionem
320 714 454 786 dierum,
470 712 536 771 anth
552 713 623 793 puto
639 710 878 788 transmissurum,

191 789 415 876 qultmponrerit
426 791 781 873 conveniriEpistolarum
791 792 876 853 Pom·

190 875 249 956 peii
264 873 406 947 duarum,
419 893 489 953 quas
501 873 539 933 ad
553 891 600 933 me
615 875 711 945 misit,
727 872 877 953 negligen-

190 955 282 1027 tiam,
301 973 455 1034 meamque
475 954 505 1011 in
522 952 673 1014 scribendo
693 952 874 1033 diligentiam

190 1033 273 1098 volui
287 1035 340 1093 tibi
358 1052 457 1094 notam
473 1030 528 1094 elle
543 1054 550 1093 τ
570 1053 669 1094 earum
690 1051 775 1093 exem
798 1031 825 1091 la
838 1033 876 1093 ad

190 1131 219 1176 te
230 1114 310 1175 misi.
329 1112 448 1174 Caesaris
460 1114 506 1172 hic
518 1134 570 1194 per
579 1113 715 1195 Apuliam
728 1113 765 1173 ad
776 1053 877 1173 brun·-

188 1193 296 1256 disium
314 1193 408 1253 cursus
425 1193 494 1274 quid
509 1192 632 1268 efficiat,
644 1192 786 1273 exspedlo.
806 1191 876 1254 Uti·

188 1293 258 1334 nam
278 1271 386 1355 aliquid
404 1273 496 1333 simile
514 1271 651 1334 Parthicis
669 1269 764 1334 r'ebus.
781 1272 874 1335 Simul

188 1354 301 1450 aliquid
316 1355 434 1414 audiero
446 1400 456 1427 ‚
468 1353 589 1413 scribam
604 1354 640 1415 ad
657 1371 697 1414 te.
712 1352 760 1413 Tu
771 1354 809 1413 ad
823 1375 873 1415 me

188 1436 280 1498 velim
291 1434 437 1494 bonorum
450 1432 613 1496 sermones:
625 1431 729 1496 Rotnae
737 1432 875 1515 frequen-

190 1530 238 1576 tes
250 1511 306 1576 effe
319 1516 462 1575 dicuntur.
477 1513 545 1576 Scio
559 1537 576 1576 e
599 1515 714 1588 uidem,
731 1529 760 1574 te
776 1516 874 1593 inpu-

189 1595 300 1656 blicum
317 1615 377 1655 non
394 1594 533 1674 prodire;
550 1537 600 1656 sed
616 1613 712 1656 tamen
730 1594 828 1656 audire
838 1589 873 1676 Jte

189 1677 280 1736 multa
301 1718 310 1747 ‚
333 1675 443 1736 necesse
465 1674 514 1736 est.
539 1676 663 1737 Memini
689 1673 793 1734 librum
818 1674 873 1735 tibi

189 1751 286 1818 afferri
296 1798 305 1825 ,
314 1776 331 1813 a
339 1755 495 1816 Demetrio
506 1756 645 1838 Magnete
656 1756 692 1815 ad
701 1751 873 1836 temislum,

182 1841 250 1914 -ιιρὶ
267 1837 410 1913 o'pursr'at.
425 1834 498 1896 Eum
513 1839 583 1896 mihi
595 1838 685 1898 velim
696 1837 803 1898 mittas.
816 1834 873 1896 Vi-

184 1913 263 1989 des,
286 1935 373 1995 quam
397 1915 507 1976 causam
527 1918 659 1979 mediter.
695 1913 697 1918 ’

184 2007 203 2112 ,³
236 2013 815 2099 cn.Mrouost>noc0s.sss1').
856 2013 858 2018 Ι

335 2111 380 2170 Μ.
401 2109 608 2175 Crcruom
628 2114 713 2176 lun.

190 2200 410 2327 vaws
432 2231 538 2291 Fabius
563 2234 661 2290 adme
686 2235 762 2294 uertit
783 2257 813 2294 a.
839 2240 870 2295 d.

190 2333 231 2377 17
247 2316 293 2375 td.
311 2312 391 2373 Febr.
411 2313 441 2371 Is
456 2313 565 2384 nuntior
587 2316 618 2370 L.
637 2314 791 2373 Domitium
806 2331 866 2373 caru

187 2396 245 2476 suis
255 2393 409 2456 cohortibus
422 2410 485 2463 arr,
503 2391 531 2450 h
546 2413 605 2450 cum
617 2395 768 2453 cohortibus
777 2411 869 2466 -xw,

145 2475 148 2480 ’
208 2497 259 2534 uas
272 2473 410 2536 Vibullius
425 2473 568 2542 adduxit,
583 2475 623 2530 ad
631 2494 671 2531 me
684 2477 735 2533 iter
748 2475 868 2533 habere':

224 2553 306 2633 buiffe
322 2556 351 2611 r'rr
368 2553 460 2611 animo
474 2552 610 2632 proficisci
626 2554 746 2634 Corfinio
762 2599 771 2627 ‚
793 2573 821 2614 a.
831 2552 868 2614 d.

194 2636 277 2695 rud.
300 2634 379 2693 Febr.
403 2634 435 2693 C.
459 2631 572 2693 Hirrum
593 2654 652 2693 cum
672 2655 694 2695 ν
717 2633 868 2697 cohortibus

188 2714 318 2795 subsequi.
342 2712 439 2791 Censeo
460 2714 500 2770 ad
515 2735 566 2773 nos
584 2716 728 2775 Luceriam
743 2719 867 2781 uenias:

192 2815 252 2858 noro
271 2812 296 2855 re
314 2791 360 2853 hic
378 2793 511 2853 tutissimi
525 2812 594 2877 puro
605 2792 679 2877 firre.

623 2953 853 3008 .t'...⁴-·

229 2993 427 3098 nummu.
469 2999 474 3008 ’
534 3037 537 3042 ·
724 3031 760 3112 Q
