2117 3984
340 393 406 464 168
537 390 849 458 Erusrotu

334 504 442 565 senatui
453 506 557 586 gratias
574 505 696 584 egimus.
707 501 752 562 Eo
763 502 855 563 biduo
873 521 924 584 qut

335 585 377 646 set
393 605 516 646 annonae
534 583 643 643 summa
655 585 774 657 caritas,
791 584 823 643 &
835 584 924 644 homin

335 667 479 726 theatrum
499 666 608 746 primo,
626 663 731 724 deinde
746 664 783 723 ad
799 662 924 726 senarum

335 745 483 807 curriffent
498 744 619 826 impulsu
638 742 761 817 Clodii;
776 744 843 805 me&
861 763 924 826 ope:

336 829 430 888 menti
451 827 580 906 inopiam
598 822 653 886 effe
670 825 827 886 clamarent
843 844 853 899 3
867 846 924 908 qun

336 927 389 968 eos
407 909 469 968 dies
488 905 598 967 senatus
615 906 652 965 de
669 927 783 965 annona
795 905 924 968 haberer

334 987 372 1046 ad
393 987 455 1068 ejus
479 988 711 1068 procurationem
730 985 865 1047 sermone
883 1009 924 1048 no

335 1067 397 1128 lum
415 1069 529 1151 plebis,
546 1069 648 1128 verium
667 1067 753 1127 etiam
771 1067 920 1130 bonorum

334 1152 417 1228 peius
428 1166 597 1222 vocaretur,
617 1146 702 1227 idque
715 1145 773 1227 ipse
787 1163 907 1226 cuperet
920 1167 924 1220 ς

334 1230 485 1311 titudoque
501 1251 519 1288 a
536 1248 583 1288 me
602 1229 772 1288 nominarim
785 1243 816 1285 ut
835 1227 867 1285 id
881 1227 924 1288 de

332 1329 396 1369 rem
413 1308 568 1392 postularet
583 1330 592 1381 3
605 1307 679 1380 feci,
700 1306 733 1366 &
748 1307 881 1368 accurate
902 1305 924 1370 se

332 1392 403 1450 tiam
414 1392 492 1463 dixi,
503 1409 593 1472 quum
607 1386 734 1448 abessent
744 1387 924 1464 consulares,

333 1473 398 1531 tuto
418 1471 447 1533 se
465 1491 502 1532 ne
522 1487 603 1532 arent
618 1466 697 1551 poste
715 1466 922 1530 sententiamd

355 1570 437 1613 raeter
449 1491 609 1613 Meffassam
620 1551 652 1610 &
670 1547 832 1610 Afranium.
846 1547 924 1610 Fa&

332 1572 604 1693 feratusconsultum
620 1633 649 1690 in
669 1650 765 1691 meam
782 1628 924 1691 sententia

333 1733 399 1770 cum
418 1711 589 1792 Pompeioa
610 1727 843 1786 eretur‚uteam
866 1729 924 1770 rem

331 1809 437 1869 peret,
456 1793 562 1872 lexque
579 1733 726 1853 ignetur:
747 1811 806 1872 quo
829 1789 924 1852 senatt

331 1870 405 1932 sulto
424 1874 565 1944 recitato,
592 1891 682 1952 quum
701 1872 841 1931 continuo
869 1885 924 1954 po'p

331 1971 414 2012 more
431 1953 487 2012 hoc
504 1950 607 2013 insulso
621 1952 653 2011 &
666 1973 766 2025 novo,
779 1949 924 2034 plausum

331 2035 450 2094 nomine
469 2032 636 2105 recitando,
655 2031 774 2093 dedisset
791 2076 801 2106 ,
828 2031 918 2094 habui

332 2114 446 2174 cionem
473 2134 480 2172 :
503 2132 606 2174 omnes
627 2111 803 2195 magistratus
830 2113 921 2194 praese

332 2213 436 2275 praeter
450 2215 540 2255 unum
554 2209 706 2274 praetorem
718 2238 727 2267 ‚
740 2194 771 2253 &
789 2194 865 2256 duos
885 2197 923 2256 tri

331 2276 437 2355 plebis,
446 2274 740 2336 dederunt.Postridie
747 2273 860 2335 senatus
868 2273 924 2336 fter

332 2357 365 2415 &
376 2377 477 2417 omnes
496 2355 655 2416 consulares
669 2355 739 2413 nihil
757 2355 924 2438 Pompeio}

331 2437 402 2496 lami
412 2455 560 2519 negarunt.
569 2435 620 2495 Ille
629 2437 739 2517 legatos
749 2435 917 2516 quindecim

332 2517 508 2593 postularet,
524 2536 572 2576 me
591 2518 752 2596 principem
772 2518 923 2577 nominavi

329 2596 367 2653 ad
381 2599 480 2655 omnia
496 2616 544 2655 me
557 2597 677 2655 alterurn
691 2596 718 2655 se
733 2596 795 2657 fore
809 2596 924 2660 dixinl.

331 2676 461 2736 consules
481 2675 726 2754 conscripserunt,
739 2677 797 2757 quir
809 2676 923 2758 Pompe

329 2757 557 2838 quinquennium
574 2760 667 2817 omnis
685 2756 808 2837 potestas
822 2760 866 2819 rei
882 2758 924 2818 fru

328 2839 406 2897 rariae
418 2854 483 2898 toto
494 2837 565 2898 orbe
578 2855 716 2898 terrarum
734 2837 849 2898 daretur
864 2859 872 2896 :
895 2839 923 2898 al

328 2918 476 2997 Messius,
498 2922 548 3002 qui
563 2921 656 2982 omnis
673 2921 803 3001 pecunie
820 2917 870 2984 dat
886 2941 924 3003 po
