2117 3984
252 477 544 546 innurem
561 476 695 548 Ltus.
772 479 814 578 '57

153 590 248 671 inquit,
264 594 367 654 homini
384 594 520 673 Arpinati
535 614 595 653 tum
610 598 690 676 aquis
704 598 818 657 caldis?

147 667 253 746 Narra,
274 675 413 754 inquam,
432 687 558 751 patrono
577 690 647 749 tuo,
667 678 716 757 qui
733 676 821 757 Arpi·

144 771 215 813 nates
235 774 324 836 aquas
349 754 544 831 concupivit:
565 752 637 812 nosti
656 759 733 815 enim
750 778 819 817 ma-

140 832 219 891 tinas.
266 833 403 912 unusque,
425 836 454 891 in
477 833 540 903 uit,
564 836 637 893 hunc
653 857 734 916 regem
744 836 819 914 fere·

139 913 226 971 ntus?
278 932 364 993 egem
387 853 540 991 appellas,
563 914 707 994 inquam,
729 935 818 995 quum

138 988 200 1051 Rex
217 995 259 1053 tui
277 994 461 1053 mentionem
484 992 591 1050 nullam
611 992 741 1054 fecerit?
769 996 817 1057 ille

137 1091 229 1132 autern
256 1071 348 1154 Regis
367 1070 557 1131 hereditatem
580 1071 629 1152 spe
655 1075 819 1137 devorarat

135 1155 278 1224 Domum,
301 1154 418 1232 inquit,
439 1154 530 1227 emisti.
555 1152 638 1213 Putes
655 1198 664 1228 ‚
680 1158 817 1235 inquam,

135 1230 228 1293 dicere
248 1275 260 1306 ‚
286 1228 399 1309 judices
418 1228 520 1290 emisti.
541 1234 673 1306 summi,
696 1238 817 1315 inquit,

133 1312 181 1370 tibi
195 1335 254 1372 non
271 1315 453 1370 crediderunt.
479 1310 552 1370 Mihi
571 1314 662 1387 verb,
678 1316 819 1394 inquam,

133 1405 199 1452 xxv
226 1391 343 1470 judices
370 1390 578 1451 crediderunt:
606 1411 820 1475 xxx1,quo-

89 1483 93 1508 '·
134 1473 207 1531 uiam
224 1492 367 1531 nummos
384 1473 449 1530 ante
465 1489 658 1552 acceperunt,
675 1476 729 1531 tibi
747 1475 818 1534 nihil

135 1552 328 1611 crediderunt.
359 1549 474 1631 Magnis
502 1551 674 1610 clamoribus
701 1550 819 1632 afflidlus

138 1633 293 1705 conticuit,
313 1633 347 1691 &
366 1630 502 1689 concidit.
525 1629 630 1690 Noster
647 1649 742 1691 autem
760 1629 820 1693 sta-

140 1726 183 1769 tus
207 1708 248 1771 est
267 1711 339 1769 hic:
365 1710 442 1790 apud
460 1710 558 1769 bonos'
580 1711 669 1771 iidem
693 1711 819 1788 sumus,

89 1791 92 1806 '
135 1808 206 1928 ἕως
230 1789 396 1871 reliquisti3
423 1791 499 1870 apud
522 1791 635 1850 sordem
655 1792 760 1866 urbis,
786 1794 818 1853 δι

147 1890 235 1931 ecem
259 1872 355 1931 multb
381 1873 482 1930 melibs
508 1891 584 1929 nunc
604 1916 613 1944 ‚
635 1872 721 1951 quim
745 1874 820 1932 reli-

136 1949 240 2031 quisti:
263 1971 335 2010 nam
358 1950 390 2009 &
411 1948 483 2009 illud
511 1952 593 2010 nobis
620 1970 679 2010 non
706 1950 819 2026 obest,

135 2030 227 2091 videri
246 2032 378 2091 nostrum
396 2028 589 2091 testimonium
604 2052 664 2090 non
682 2031 819 2092 valuisse:

136 2108 232 2169 millus
258 2110 299 2170 est
327 2110 437 2191 sanguis
458 2113 574 2170 invidiae
602 2114 662 2171 sine
687 2112 820 2185 dolore,
897 2137 901 2145 ·

139 2206 226 2269 atque
244 2194 330 2249 etiam
346 2191 403 2249 hbc
426 2194 540 2273 magis,
558 2192 638 2269 qubd
656 2211 758 2250 omnes
778 2192 821 2251 illi

139 2266 269 2330 fautores
300 2271 370 2330 illius
395 2271 496 2352 flagitii
518 2313 528 2339 ‚
557 2290 620 2326 rem
643 2268 822 2328 manifestam

135 2349 213 2409 illam
241 2350 422 2431 redemptam
443 2349 499 2409 elle
519 2371 537 2407 a
559 2346 700 2425 judicibus
723 2347 823 2406 confi-

135 2445 238 2491 tentur.
266 2429 391 2491 Accedit
412 2430 505 2501 illud,
527 2429 608 2508 qubd
627 2430 676 2487 illa
697 2430 822 2488 concio·

136 2511 206 2570 nalis
225 2510 331 2570 hirudo
351 2511 461 2580 aerarii,
478 2508 580 2567 misera
596 2530 628 2566 ac
643 2506 741 2586 jejuna
760 2508 823 2589 ple·

137 2589 267 2665 becula,
295 2610 345 2649 me
366 2589 402 2648 ab
424 2591 481 2647 hoc
506 2588 618 2727 Magno
637 2590 719 2648 unice
739 2589 821 2673 diligi

159 2688 236 2731 utat:
259 2669 427 2730 &hercule
446 2669 537 2727 multi
607 2666 733 2746 jucundi
747 2691 819 2730 con-

138 2689 282 2811 luetudine
296 2748 444 2827 conjunbli
455 2752 529 2807 inter
541 2770 594 2808 nos
607 2747 719 2822 sumus,
731 2750 821 2829 usque

140 2829 199 2903 eb,
220 2850 253 2891 ut
279 2829 369 2890 nostri
398 2827 441 2887 isti
466 2827 659 2889 comillatores
683 2828 819 2907 conjura-

140 2911 240 2983 tionis,
265 2909 410 2970 barbatuli
430 2907 573 2983 juvenes‚
601 2909 682 2968 illum
703 2912 734 2967 in
759 2906 822 2965 ser·-

141 2991 269 3053 moribus
294 2989 424 3055 Cnaeum
450 2986 626 3052 Ciceronem
653 2986 822 3125 agpellent:
929 2989 935 3010 ‘

702 3085 725 3130 V
