2117 3984
278 487 345 542 AD
367 473 578 541 Arntcuru
595 468 682 542 L1u.
701 467 771 541 III.
807 493 872 564 147

190 605 213 652 ιῐ
226 589 360 650 πιικὶπιὲ
376 588 494 650 doleam
510 588 575 689 plus
593 589 670 666 apud
685 609 732 650 me
752 591 874 650 simula-

186 673 292 734 tionem
308 671 457 740 aliorum,
471 691 560 750 quam
575 667 651 728 istius
666 667 752 730 fidem
767 669 875 730 valuis-

187 751 234 814 se:
251 753 348 813 ceteri
366 771 442 830 quos
454 770 580 833 purgas,
601 750 709 810 debent
723 751 790 810 mihi
805 773 874 832 pur·

187 835 240 914 gati
259 830 343 904 effe,
360 830 415 890 tibi
432 835 456 890 si
473 829 538 892 sunt
555 851 562 889 :
582 829 630 890 sed
649 831 710 890 haec
730 829 792 892 serb
810 853 825 890 a
847 833 874 890 i·

188 933 258 974 mus.
268 911 370 974 Crassi
380 910 517 972 libertum
531 911 601 970 nihil
619 929 690 988 puto
705 911 815 972 sincerb
828 851 846 970 b
859 945 873 960 ·

190 1012 292 1054 tutum.
309 991 343 1052 ln
357 989 458 1052 senatu
472 1012 533 1052 rem
570 990 639 1051 nobb
652 991 747 1052 scribis
761 990 871 1052 abiam:

192 1071 235 1134 sed
252 1074 323 1154 quid
342 1070 464 1134 Curio?
480 1093 518 1132 an
537 1013 615 1131 iiiam
634 1073 796 1134 orationem
814 1093 873 1132 non

194 1153 284 1236 legit?
301 1174 369 1235 quae
387 1152 468 1212 unde
486 1155 524 1213 sit
541 1152 675 1231 prolata,
695 1151 809 1213 nescio:
825 1153 873 1214 sed

197 1234 298 1308 Axius,
312 1230 447 1310 ejusdem
464 1231 522 1292 diei
537 1232 659 1292 scribens
682 1234 718 1292 ad
733 1252 778 1294 me
793 1231 874 1306 aua,

198 1335 247 1376 mn
265 1316 305 1376 ita
332 1314 432 1374 laudat
452 1311 636 1373 Curionem:
655 1330 683 1372 at
708 1311 801 1394 potest
824 1315 873 1378 ille

200 1394 295 1478 aliquid
306 1394 526 1474 pretermittere
543 1415 552 1466 ;
567 1410 619 1467 tu,
640 1396 693 1453 nisi
703 1393 783 1474 quod
796 1413 875 1470 erat,

201 1473 317 1556 profeRb
337 1495 402 1534 non
417 1473 556 1556 scripsisti.
574 1474 714 1534 Varronis
724 1474 819 1535 sermo
832 1473 877 1534 fa·

201 1559 231 1620 tit
245 1554 492 1696 exxsyebiationem
503 1553 624 1616 Caesaris
640 1575 646 1612 :
664 1571 748 1634 arque
768 1557 877 1616 utinam

202 1635 250 1718 ipse
308 1658 376 1698 arro
405 1637 553 1696 incumbat
573 1637 603 1694 in
630 1633 742 1694 causam
764 1657 773 1708 ;
798 1636 877 1715 quod

227 1717 322 1780 ofestb
336 1738 429 1799 quum
439 1715 488 1776 sub
500 1715 603 1798 sponte
617 1761 626 1788 ,
639 1735 701 1776 tum
717 1734 745 1778 te
757 1714 877 1779 instante

203 1737 284 1862 brier.
302 1797 389 1882 Ego,
410 1799 434 1856 si
451 1816 498 1858 me
512 1798 665 1879 aliquando
683 1796 769 1857 vestri
783 1799 814 1858 δ(
827 1821 876 1878 pa·

204 1883 253 1940 uiae
269 1895 444 1960 compotem
464 1875 580 1939 fortuna
597 1877 717 1951 fecerit,
737 1881 813 1940 certb
832 1878 878 1938 ef-

205 1959 307 2034 ficiam,
322 1977 356 2020 ut
371 1960 499 2020 maximb
517 1961 614 2020 laetere
631 1981 703 2019 unus
722 1978 757 2018 ex
776 1963 876 2018 omni·

206 2040 251 2102 bus
261 2043 379 2114 amicis;
391 2060 516 2121 meaque
534 2038 628 2100 officia
646 2040 678 2100 δι
691 2036 802 2112 studia,
815 2061 877 2119 quae

210 2140 393 2200 pammantea
402 2122 537 2182 luxerunt
548 2119 715 2201 (fatendum
725 2118 764 2178 est
777 2121 877 2200 enim)

149 2251 151 2286 Ι
212 2203 249 2260 sic
260 2199 406 2282 exsequar,
427 2218 459 2262 ut
476 2221 523 2262 me
536 2203 617 2281 aequb
635 2201 764 2270 tibi‚ac
781 2198 880 2270 fratri,

148 2299 151 2322 ¹
210 2279 341 2344 &liberis
356 2279 462 2342 nostris
478 2280 637 2342 restitutum
654 2297 747 2359 putes.
768 2277 796 2337 Si
812 2279 881 2357 quid

206 2361 270 2424 inte
287 2365 409 2443 peccavi
426 2406 436 2434 ‚
455 2383 488 2420 ac
506 2364 622 2440 podiis,
646 2362 784 2440 quoniam
808 2380 882 2439 pec-

205 2442 431 2526 cavi,ignosce:
449 2444 478 2500 in
497 2462 544 2501 me
557 2445 634 2501 enim
651 2439 743 2520 ipsum
762 2444 881 2520 peccavi

206 2520 419 2584 vehementius:
434 2541 528 2602 neque
546 2523 605 2581 haec
625 2523 661 2582 eb
679 2521 787 2593 scribo,
802 2523 881 2602 qubd

201 2619 231 2664 te
248 2623 308 2664 non
328 2624 399 2664 meo
417 2602 480 2662 casu
500 2605 627 2662 maximo
647 2602 748 2664 dolore
764 2600 820 2663 effe
837 2603 883 2664 af·

204 2681 303 2746 festum
319 2683 409 2745 sciam
424 2682 495 2744 :sed
513 2681 644 2762 profebib
657 2727 667 2756 ‚
682 2686 724 2757 si,
744 2702 883 2765 qnantum

204 2786 246 2827 me
262 2786 345 2826 amas
364 2765 398 2824 &
417 2763 537 2836 amasti,
554 2781 664 2823 tantum
684 2785 776 2824 amare
792 2766 884 2825 debe·

197 2865 263 2922 -res,
279 2868 315 2906 ac
338 2844 503 2916 debuiffm,
526 2864 683 2927 numquam
702 2843 772 2906 effes
793 2843 886 2924 paffus

195 2947 267 3004 -me,
306 2949 346 2988 uo
375 2942 407 2984 tu
429 2925 613 3000 abundabas,
629 2946 714 3008 egere
740 2924 861 2984 consilio
879 2943 889 2994 ;

201 3027 289 3072 nece
312 3029 346 3072 es
364 3003 459 3090 paffus
472 3007 542 3070 mihi
562 3006 741 3145 persuadet&
750 3004 822 3101 utile
836 3025 892 3066 no·

749 3107 769 3166 ¹1
