2117 3984
237 457 300 507 AD
323 437 536 506 Armum
558 439 645 508 Lrn.
664 438 695 508 I.
763 465 805 533 71

142 551 630 695 litl'l‘issllfii‘ltilz
648 556 811 696 liiii?

94 703 102 716 ⁵
138 713 202 774 lent.
226 711 353 794 Agraria
372 712 420 773 lex
438 735 456 772 a
477 715 579 775 Flavio
605 717 718 775 tribuno
740 716 810 794 ple-

137 791 170 887 bia
189 792 386 886 vehementer
407 795 566 875 agitabatur
586 796 702 856 auilore
721 794 810 856 Pom·

89 1027 96 1040 ,
133 873 812 1035 iiiiiiissnifffiixpiiii‘geohibibfie’ciiii

89 1083 93 1120 Ξ
134 1036 271 1094 concionis
286 1035 463 1108 voluntate,
477 1039 576 1095 omnia
590 976 637 1095 ilii
650 1035 812 1109 tollebam,

133 1135 188 1196 quae
211 1115 250 1176 ad
272 1117 460 1194 privatorum
482 1117 701 1177 incommodum
723 1119 815 1197 perti·

134 1195 255 1256 orbant:
279 1194 445 1255 liberabam
472 1216 572 1277 agrum
593 1216 688 1270 eum,
713 1199 762 1276 qui
781 1195 813 1258 P.

135 1273 248 1348 llucio,
270 1274 309 1334 L.
327 1273 490 1355 Calpurnio
513 1274 581 1335 coll.
601 1277 730 1357 publicus
745 1275 815 1335 fuis-

136 1353 192 1416 iet:
214 1355 408 1416 Sullanorum
438 1355 590 1416 hominum
619 1353 812 1438 poffessiones

140 1433 363 1496 confirmabam:
384 1433 617 1511 Volaterranos,
645 1437 676 1496 &
702 1437 817 1495 Arreti-

140 1535 211 1590 ιω,
280 1535 373 1576 orum
397 1529 497 1598 agrum
523 1517 603 1577 Sulla
628 1515 817 1593 publicarat,

143 1613 221 1676 requie
262 1596 410 1668 irriserat,
429 1599 459 1655 in
482 1596 531 1656 sua
550 1592 728 1677 pollessione
745 1595 819 1654 reti·

150 1675 257 1736 arbam
274 1696 370 1736 unam
387 1679 530 1737 rationem
547 1695 607 1736 non
628 1672 818 1753 rejiciebam,

151 1769 177 1816 rt
187 1776 245 1840 agar
261 1757 321 1816 bac
337 1756 496 1817 adventitii
513 1755 637 1837 pecunia
654 1773 817 1830 emeretur,

147 1853 198 1918 qt!
210 1857 250 1900 ez
266 1838 359 1898 novis
380 1837 566 1975 veilffalibus
588 1857 641 1917 per
659 1840 818 1919 quinquen·

146 1917 211 1976 rimu
230 1920 423 1997 reciperetur.
473 1920 589 1979 uictori
611 1921 714 1977 rationi
735 1939 819 1999 agra·

146 1997 185 2056 ria
198 1996 314 2059 senatus
335 1996 555 2069 adversabatur,
573 1996 714 2076 suspicans
730 1998 820 2057 Pom·

143 2097 202 2218 im
223 2099 339 2138 novam
362 2078 516 2157 quamdam
538 2081 700 2157 potentiam
721 2080 821 2155 quaeri.

161 2179 206 2218 orn
245 2161 292 2219 ius
311 2159 386 2218 vero
410 2158 445 2217 ad
463 2160 645 2219 voluntatem
669 2158 821 2237 perferen-

142 2237 180 2298 tia
215 2243 281 2322 egis
310 2238 478 2299 incubuerat
504 2262 513 2297 .·
540 2258 597 2317 ego
630 2256 728 2295 autem
759 2257 822 2294 ma-

140 2319 191 2402 gni
210 2341 283 2381 cum
307 2321 484 2399 agrariorum
502 2317 593 2399 gratia
618 2314 825 2374 confirmabam

143 2403 270 2460 omnium
284 2401 467 2479 privatorum
481 2396 673 2478 poffessiones
688 2394 736 2474 (is
747 2397 826 2455 enim

142 2477 177 2542 est
193 2479 298 2543 noster
322 2482 464 2539 exercitus
481 2524 490 2552 ,
520 2478 672 2537 hominum
692 2520 701 2548 ,
718 2493 749 2536 ut
765 2492 827 2536 tute

141 2559 214 2636 scis,
243 2557 472 2719 locquerium)
498 2558 610 2639 populo
638 2574 764 2630 autem,
795 2556 828 2617 δι

141 2639 207 2703 Pom
253 2644 286 2701 io
352 2659 419 2698 nam
450 2639 480 2697 id
509 2657 626 2719 quoque
653 2635 827 2778 volebamg

139 2721 196 2782 satis
210 2721 351 2782 aciebam
381 2721 560 2797 emptione;
591 2717 647 2857 ‹Lui
674 2717 806 2778 constitut

139 2803 183 2864 lili
205 2819 327 2872 enter,
350 2798 541 2859 &sentinam
565 2820 597 2857 ur
619 2801 642 2858 is
660 2799 828 2871 exhauriri,

138 2883 164 2944 ἂ
179 2825 278 2944 italiae
293 2880 478 2941 solitudinem
493 2878 668 2961 frequentati
682 2877 762 2960 polle
782 2897 829 2935 ar-

137 2963 268 3030 iitrabar
291 2984 300 3024 ι
327 2959 378 3022 sed
395 2957 462 3022 ‘haec
485 2977 548 3025 tota
575 2981 622 3022 res
646 2957 830 3040 interpellata
