2117 3984
244 450 309 498 122
428 427 732 497 Errsrora

237 561 339 604 omnes
363 540 559 623 intelligerent
580 586 590 616 ,
613 542 683 601 nihil
703 543 759 603 sibi
779 541 923 625 autiquiru

236 621 364 683 amicitia
384 621 484 683 nostrai
510 618 602 683 fuisse.
625 622 727 696 Haec,
753 622 785 683 &
806 627 837 684 in
857 645 924 686 ean

237 703 407 764 sententiam
428 723 517 785 quum
539 703 630 763 multa
653 701 796 777 dixillet,
828 705 924 770 aiebal'

235 785 318 844 illum
338 786 434 866 primu
455 783 521 845 sane
543 782 592 843 diu
618 784 708 844 multa
729 784 856 858 comra3
886 785 924 852 nd

236 883 399 927 extremum
415 882 512 926 autem
530 884 630 924 manus
649 862 778 939 dedisse,
793 865 826 925 &
845 863 924 928 affir-

238 946 325 1008 maffe
341 945 412 1006 nihil
427 945 455 1006 se
471 962 572 1006 contra
585 940 648 1022 ejus
666 946 849 1007 voluntatem
863 945 921 1010 effe

237 1026 385 1087 fallurum.
402 1025 461 1087 Sed
477 1024 575 1107 postea
590 1043 687 1086 tamen
704 1027 752 1087 ille
766 1048 829 1087 non
841 1025 924 1090 desti·

237 1110 272 1167 tit
292 1108 328 1169 de
344 1108 429 1168 nobis
445 1106 598 1188 asperrime
614 1107 713 1188 loqui:
728 1108 809 1188 quod
824 1110 922 1172 sinon

236 1187 367 1262 faceret,
383 1205 481 1249 tamen
494 1190 520 1248 ei
535 1187 605 1247 nihil
620 1188 823 1261 crederemus;
836 1203 921 1270 atque

236 1272 358 1343 omnia,
379 1272 452 1329 sicut
474 1268 620 1340 facimus,
639 1288 816 1347 pararemus.
837 1265 922 1330 Nunc

236 1352 278 1409 ita
299 1372 354 1410 nos
372 1352 496 1432 gerimus
516 1395 525 1423 ,
546 1368 579 1410 ut
597 1350 627 1407 in
647 1349 708 1409 dies
732 1349 862 1431 singulos
888 1351 922 1412 δι

235 1428 325 1491 studia
347 1433 377 1490 in
401 1451 454 1491 nos
473 1430 646 1503 hominum,
672 1428 705 1489 ἃ
725 1449 798 1511 opes
818 1427 921 1492 nostr*

233 1527 416 1594 augeantur:
445 1510 650 1592 rempublicam
672 1509 750 1569 nulli
770 1530 808 1571 ex
832 1529 916 1592 paroe

235 1596 422 1675 attingimus:
439 1593 468 1653 in
485 1594 598 1665 causis,
614 1608 642 1650 ar
682 1610 698 1651 e
718 1594 747 1649 in
765 1591 813 1650 illa
832 1611 921 1672 open

235 1671 331 1732 nostra
346 1671 473 1748 forensi,
487 1671 598 1731 summi
611 1674 641 1729 in
681 1669 746 1730 stria
756 1670 923 1734 versamun

235 1752 316 1832 quod
336 1755 451 1835 egregie
478 1773 538 1812 non
557 1753 648 1811 modl)
666 1754 719 1824 iis,
739 1754 788 1832 qui
805 1769 922 1814 utuntur

236 1832 348 1913 operi,
378 1832 427 1893 sed
446 1835 534 1893 etiam
553 1835 583 1890 in
601 1833 706 1913 vulgus
729 1850 843 1913 gratum
863 1829 920 1894 effe

235 1913 383 1973 sentimus.
404 1913 520 1972 Domus
539 1912 722 1972 celebratur:
741 1915 922 1980 occurrimrr

234 2011 389 2055 renovatur
400 1995 540 2054 memoria
548 1991 724 2053 consulanis:
734 1991 825 2053 studia
833 1995 921 2076 sigul-

236 2073 376 2136 ficantur:
395 2077 504 2134 ineam
521 2074 602 2156 spem
616 2073 804 2145 adducimur,
821 2092 854 2136 ut
867 2095 921 2136 no·

236 2156 280 2214 bis
301 2177 336 2217 ea
353 2158 526 2228 contentio,
548 2175 611 2235 quae
633 2155 803 2234 impendet,
824 2158 919 2216 inter-

237 2236 306 2296 dum
328 2258 388 2296 non
414 2236 549 2319 fugienda
568 2235 709 2296 videatur.
736 2234 823 2294 Nunc
849 2234 920 2296 milri

237 2318 269 2377 &
294 2319 419 2377 consiliis
441 2337 515 2396 opus
537 2315 577 2375 est
599 2320 677 2386 tuis,
695 2315 726 2374 δι
746 2335 866 2390 amore,
888 2317 920 2378 &

236 2395 304 2457 fide.
322 2396 425 2475 Quare
442 2396 549 2456 advola
566 2416 573 2455 r
593 2395 729 2477 expedita
744 2397 816 2456 milri
836 2413 920 2460 erunt

236 2479 355 2549 omnia,
375 2478 397 2535 si
418 2489 448 2537 re
467 2477 594 2537 habebo.
617 2476 712 2535 Multa
733 2497 786 2557 per
806 2476 919 2538 Varro·

236 2577 304 2616 nem
321 2554 447 2615 nostrum
461 2562 507 2640 agi
524 2555 654 2637 pollunr‚
671 2577 734 2637 quae
752 2575 780 2618 re
795 2575 918 2640 urgente

235 2653 319 2697 erunt
339 2635 486 2710 firmiora3
503 2639 593 2698 multa
612 2637 647 2697 ab
667 2636 727 2717 ipso
745 2637 849 2698 Publio
865 2637 921 2700 eli-

236 2718 280 2791 ci,
297 2716 387 2775 multa
402 2718 559 2799 cognosci,
578 2739 642 2800 quae
660 2718 712 2777 tibi
728 2719 844 2778 occulta
861 2715 919 2780 effe

235 2818 296 2858 non
318 2815 455 2877 poterunt
472 2820 478 2858 :
504 2802 594 2860 multa
610 2800 766 2859 etiam...
783 2797 844 2859 sed
865 2800 920 2860 ab·

233 2879 347 2940 surdum
372 2877 415 2939 est
440 2882 550 2962 singula
581 2880 746 2959 explicare:
774 2898 838 2939 rum
860 2900 878 2940 e
898 2899 919 2940 ο

233 2960 375 3041 requiram
398 2976 427 3023 te
453 2962 492 3025 ad
515 2963 624 3025 omnia.
646 2959 748 3022 Unum
772 2960 846 3023 illud
865 2962 917 3022 rr'
