2117 3984
411 431 477 504 ¹90
590 405 692 475 ΕΗ
708 425 729 475 s
747 423 810 475 ro
824 423 848 474 ι
862 427 896 475 ,ε

400 525 426 661 {i
437 521 507 604 quid
518 519 595 662 fqrt}
604 523 678 662 tqoui
690 522 794 663 habe&
807 521 983 662 quaximbssqr(

415 623 513 675 rame,
554 622 678 663 emea
731 645 739 662 .
790 617 902 674 aeam,
978 623 983 661 r

400 681 476 742 forte
502 681 540 743 de
565 685 716 755 comitiis,
744 681 781 741 de
802 681 950 761 tepubb'rca
980 701 983 740 r

401 765 483 823 enim
502 782 533 824 tu
552 763 613 823 haec
636 761 734 823 festinb
755 761 871 822 odorari
890 761 904 839 )
927 761 981 824 scri

401 859 467 904 me:
482 845 507 904 si
521 845 563 904 nil
575 843 714 915 habebis,
729 859 828 903 tamen
843 842 946 903 scribas
961 845 983 904 ι’

398 941 560 1005 numquam
580 927 659 985 enirn
681 923 751 983 mihi
767 941 818 984 tua
836 922 959 1004 epistola
977 948 983 984 t

400 1003 590 1085 tempestiva,
611 1021 659 1065 aut
677 1005 784 1085 loquax
802 1004 861 1065 visa
884 1003 935 1065 est.
956 1005 983 1065 N

401 1106 498 1146 autem
519 1101 616 1169 rogo,
639 1085 723 1145 rebus
740 1087 795 1145 tuis
811 1130 821 1158 ,
838 1099 964 1168 toroque

399 1187 438 1227 ex
456 1167 595 1227 sententia
614 1165 772 1237 coufesso,
792 1187 846 1225 uos
871 1181 959 1248 quam

400 1248 515 1387 rqlvisas.
536 1247 717 1328 Dionysium
733 1245 802 1327 jube
818 1246 938 1309 salvere.
956 1187 983 1312 ε

395 1349 417 1390 v
445 1349 504 1389 eas.

497 1447 660 1512 Crceuo
688 1447 855 1510 Arrrco
887 1447 977 1514 sm.

404 1545 525 1651 15·DE
552 1568 710 1651 Eutychide
737 1585 878 1652 gratum,
904 1573 957 1653 qui

400 1653 601 1732 praenomine,
623 1671 703 1711 novo
727 1655 846 1712 nomine
870 1650 910 1712 T.
932 1654 983 1718 em

399 1732 544 1803 cilius3ut
559 1727 598 1789 est
613 1749 649 1790 ex
663 1749 711 1791 me
730 1731 761 1791 &
778 1751 815 1791 ex
833 1749 863 1793 te
878 1729 983 1812 junflm

398 1813 527 1889 nysius,
554 1810 599 1869 M.
624 1810 829 1891 Pomponius:
851 1813 938 1874 valde
960 1829 983 1876 tt

396 1891 459 1951 cule
483 1891 553 1949 mihi
580 1909 691 1971 gratum
713 1921 728 1964 ,·
750 1896 773 1953 si
795 1889 982 1975 Eutychides·

395 1990 465 2053 erga
494 1992 542 2032 me
571 1972 808 2034 benevolentiam
834 1975 983 2056 cognoscet

396 2050 474 2112 suam
487 2054 566 2111 illam
581 2056 610 2111 in
625 2075 693 2113 meo
710 2055 811 2116 dolore
829 2062 982 2132 συμπέίοκ

396 2154 452 2215 que
474 2153 537 2194 tum
557 2134 626 2193 mihi
646 2134 816 2210 obscuram,
839 2151 936 2217 neque
954 2139 983 2220 pi

397 2232 505 2296 gratam
530 2213 619 2275 fuiffe.
642 2215 701 2276 Iter
722 2215 880 2277 Asiaticum
901 2234 983 2278 tuum

396 2298 447 2355 tibi
466 2296 672 2385 suscipiendum
692 2295 793 2356 fuiffe:
818 2317 979 2379 numquam

396 2393 426 2454 tu
446 2379 507 2437 sine
530 2377 679 2454 justissima
699 2377 779 2437 causa
798 2396 857 2437 tam
876 2378 967 2462 longe

395 2455 425 2516 &
442 2457 627 2533 hominibus,
642 2460 675 2519 &
690 2459 773 2519 rebus
788 2460 959 2534 carissimis,
972 2458 983 2522 ἓ

394 2540 517 2600 vissimis
534 2539 626 2600 abere
640 2537 790 2601 voluisses:
805 2540 854 2600 sed
867 2539 983 2603 humani

394 2633 496 2691 tuam,
519 2638 705 2699 amoremque
727 2623 756 2679 in
777 2640 841 2681 tuos
865 2621 975 2682 reditus

393 2701 460 2759 ritas
485 2701 651 2761 declarabit.
674 2699 731 2760 Sed
750 2719 886 2774 vereor,
915 2704 982 2764 nel

394 2800 423 2841 te
440 2780 490 2842 suo
506 2783 633 2843 detineat
650 2781 753 2841 diutius
771 2783 869 2843 rhetor
886 2777 983 2845 Clodi·

392 2862 483 2923 homo
508 2861 713 2943 pereruditus,
739 2879 770 2921 ut
796 2868 904 2938 aiunt,
935 2866 968 2926 bt

391 2943 510 3024 quidem
532 2942 645 3003 deditus
669 2940 779 3008 Gracis
794 2946 895 3008 litteris
916 2941 982 3008 Pim'
