2117 3984
319 361 384 450 ¹4⁶
502 360 807 448 Errsrorsa·

316 474 413 536 Crassi
428 472 562 534 libertum
581 477 621 534 ais
639 474 691 534 ribi
711 474 748 534 de
767 494 834 536 mea
856 473 917 538 solli

316 558 402 630 dine,
413 557 563 636 macieque
577 553 696 614 narrasse
710 575 720 628 ;
733 559 864 630 tertiam,
876 579 916 640 qu

314 633 454 697 monstras
474 635 537 696 asia
555 639 585 695 in
603 635 701 696 senatu
716 655 726 708 ;
744 653 876 716 quartam
890 637 917 700 dr

313 717 394 795 quod
411 740 428 777 a
444 715 579 778 Varrone
593 717 687 776 scribis
700 715 752 775 tibi
770 715 827 779 effe
842 717 917 780 confi

313 813 376 858 tum
400 797 437 858 de
456 797 607 858 voluntate
636 796 778 877 Pompeii.
800 796 849 858 Ad
875 802 917 882 pri

313 877 367 938 tibi
386 877 443 939 hoc
464 877 556 938 scribo
578 897 654 949 ,me
674 878 715 935 ita
738 877 860 951 dolere,
886 897 917 942 ut

313 958 406 1018 modi>
420 981 438 1017 a
454 974 553 1018 mente
569 978 629 1018 non
645 957 777 1033 deserar,
792 958 842 1019 sed
860 960 890 1020 id
907 963 917 1022 i

314 1038 452 1110 doleam,
466 1059 531 1111 me,
555 1057 613 1099 tarn
630 1036 711 1098 firmi
731 1058 829 1100 mente
844 1041 917 1100 ubi·

315 1119 347 1178 &
357 1117 545 1200 quibuscum,
562 1139 624 1178 nort
640 1118 745 1178 habere
762 1141 769 1177 :
785 1141 853 1180 nam
872 1123 917 1184 sir

315 1218 376 1260 uno
391 1220 451 1260 nou
467 1202 528 1260 sine
542 1219 669 1261 moerore
681 1219 777 1275 cares,
789 1200 859 1282 quid
873 1221 917 1264 mc

317 1278 444 1359 ses‚qui
458 1280 489 1339 &
504 1297 556 1354 te,
578 1281 609 1340 &
625 1281 759 1341 omnibus
779 1280 790 1342 i
811 1280 844 1341 &
865 1284 916 1342 sit

316 1361 439 1422 columis
455 1381 503 1422 me
520 1362 660 1440 requiris,
682 1381 775 1441 ecquo
800 1361 894 1424 modo

314 1440 407 1502 isam
436 1441 667 1504 incolumitatem
694 1441 849 1502 desiderari
878 1439 917 1538 p'u

316 1463 398 1584 tiolo
413 1543 644 1584 commemorare
655 1522 756 1603 quibus
769 1522 854 1584 rebus
864 1544 917 1584 stru

317 1603 422 1678 liatus,
443 1626 503 1665 non
519 1603 611 1664 solum
631 1606 697 1684 quia
717 1624 777 1664 non
797 1606 913 1687 ignoras

317 1685 406 1743 etiam
426 1704 463 1744 ue
487 1684 613 1744 scindam
634 1683 702 1764 ipse.
719 1684 853 1744 dolorem
872 1705 917 1746 mc

316 1764 372 1822 hoc
385 1761 527 1824 confirmo
540 1807 550 1837 ‚
565 1784 659 1844 neque
672 1767 757 1825 tantis
770 1762 853 1826 bonis
866 1761 917 1826 effe

318 1861 417 1904 vatum
438 1865 633 1924 quemquam,
654 1864 747 1925 neque
773 1847 802 1903 in
825 1861 917 1906 tantas

318 1923 401 1984 serias
419 1922 565 1985 incidisse:
580 1924 641 1986 dies
657 1943 753 1985 autem
764 1945 825 1986 non
838 1925 917 1988 modi

316 2005 395 2065 levat
410 2003 516 2065 lusium
537 2006 635 2078 hunc,
651 2005 802 2067 sedetiam
816 2025 917 2089 auget:

319 2087 407 2146 ceteri
432 2086 549 2147 dolores
576 2088 741 2169 mitigantur
766 2085 907 2150 vetustate

318 2187 380 2227 non
402 2166 495 2248 potest
517 2190 577 2228 non
598 2166 728 2229 &sensu
752 2168 896 2246 praesentis
915 2196 917 2202 ’

320 2250 388 2321 rire,
407 2248 654 2310 &recordatione
675 2250 825 2328 praeteritae
845 2251 915 2310 vitae

318 2330 390 2389 tidie
407 2331 503 2409 augeri
521 2328 675 2390 :desidero
697 2330 774 2387 enim
794 2350 854 2387 non
873 2349 917 2390 rue

320 2409 399 2481 liun,
418 2429 513 2490 neque
535 2429 640 2482 meos,
661 2406 709 2468 sed
732 2409 915 2490 meipsum:

318 2491 396 2547 enim
417 2489 504 2550 sum?
525 2490 652 2550 sednon
673 2486 775 2548 faciam
793 2507 824 2549 ut
850 2509 899 2552 aut

319 2570 447 2628 animum
467 2591 570 2651 angam
591 2569 735 2649 querelis,
749 2588 797 2629 aut
813 2573 887 2632 meis
898 2595 917 2632 v

319 2648 397 2707 ribus
423 2648 524 2730 saepius
552 2670 651 2709 manus
671 2648 797 2710 afferam.
822 2649 900 2710 Nam

319 2750 424 2811 purgas
443 2749 515 2804 eos,
536 2751 615 2810 quos.
635 2750 692 2811 ego
713 2731 783 2789 mihi
803 2729 901 2812 scripsi

319 2809 407 2885 disse,
427 2810 457 2868 δι
474 2813 503 2870 in
524 2816 564 2870 eis
583 2808 729 2871 Catonem
748 2832 757 2883 3
775 2831 832 2892 ego
847 2814 917 2873 veri

320 2908 382 2956 tum
403 2891 484 2956 illum
507 2909 580 2973 puto
600 2891 636 2954 ab
657 2889 710 2951 isto
732 2889 837 2956 scelere
863 2893 917 2956 abi
