2117 3984
176 283 391 328 eruum
432 277 567 326 mus
606 276 902 326 Novemb.
946 284 1128 344 quum
1159 276 1336 326 >acri

175 346 511 424 scendet-em
548 390 571 420 .,
614 345 901 408 insecutus
930 344 1015 406 est
1062 364 1160 406 me
1201 365 1339 406 cum

175 425 1337 507 amor,lapides,fustes,gladii;&haec

176 505 275 568 ‘isa
314 510 549 569 omnia:
586 507 943 568 discessimus
982 510 1042 566 in
1083 504 1342 568 vestibu-

176 587 215 648 ἱ.
257 585 451 650 Tertii
490 586 801 650 Damionis
832 608 849 647 ε
878 589 981 668 qui
1018 603 1184 646 erant
1213 607 1342 648 me-

177 667 359 730 facil&
398 689 609 748 operas
652 669 813 728 aditu
864 666 1334 746 prohibueruntt

177 747 315 812 :cidi
364 751 596 829 potuit:
638 747 739 808 sed
776 768 813 808 e
856 769 895 806 ο
938 746 1108 806 diaeta
1151 750 1336 807 curari

185 875 213 906 ,
244 829 547 912 chirurgia
575 829 771 890 taedet.
802 828 827 888 l
852 829 907 890 le
942 830 1204 888 omniurn
1229 849 1344 888 vo-

177 929 345 1006 pum
384 909 441 970 se
484 932 608 970 non
652 909 729 970 ad
766 907 1091 987 judicium,
1129 907 1228 969 sed
1262 909 1338 969 ad

177 1011 303 1052 mm
406 989 585 1052 aefens
628 991 779 1050 trudi
816 991 1047 1050 videret
1067 1033 1088 1062 ‚
1127 1010 1338 1050 omnes

177 1091 239 1134 as
262 1115 283 1146 ‚
414 1071 606 1132 idinos
642 1069 841 1152 postea
872 1071 1157 1130 reddidit:
1197 1091 1335 1130 nam

177 1173 205 1212 s
244 1151 495 1212 domum
520 1197 540 1227 ,
580 1171 709 1212 eam
755 1171 881 1232 quae
916 1155 975 1211 in
1006 1151 1292 1212 Ges-malo
1311 1196 1334 1225 ‚

184 1229 325 1294 Idus
352 1231 653 1294 Novemb.
686 1251 1011 1316 expugnare
1039 1232 1106 1292 &
1143 1235 1340 1293 incen-

177 1315 249 1376 'ua
300 1330 547 1374 conatus
592 1310 673 1373 est
703 1357 724 1386 ,
770 1331 833 1372 ut
875 1313 1066 1392 palam
1103 1311 1244 1371 hora
1289 1329 1339 1372 v

177 1395 293 1456 :nis
326 1394 599 1455 homines'
620 1399 655 1468 ,ί
674 1391 891 1454 εάυξὶὶε
929 1391 1129 1473 giadiis
1148 1436 1166 1463 ‚
1193 1393 1345 1452 alios

177 1477 393 1536 menszs·
432 1474 651 1535 facibus
690 1474 1027 1534 adduxerit:
1065 1471 1184 1550 ipse
1219 1473 1342 1531 do-

177 1553 219 1616 ‘.
250 1553 423 1616 Suuae
455 1576 565 1635 pro
602 1553 789 1614 castris
821 1553 929 1614 sibi
962 1552 1037 1611 ad
1069 1572 1200 1612 eam
1229 1554 1343 1612 im-

178 1637 377 1698 iouem
404 1634 529 1696 sum
572 1632 755 1696 serat:
800 1654 921 1695 tum
955 1653 1029 1694 ex
1062 1631 1336 1694 Anniana

178 1737 205 1778 ς
258 1715 443 1778 domo
575 1758 591 1774 .
640 1715 876 1776 Flaccus
928 1714 1130 1776 eduxit
1173 1718 1336 1777 viros

218 1797 437 1858 occidit
478 1796 747 1856 homines
783 1817 861 1856 ex
899 1798 1064 1856 omni
1099 1796 1338 1857 latroci-

179 1877 395 1938 odiano
430 1879 811 1938 notissimost
855 1880 874 1936 i
916 1876 1038 1938 sum
1077 1881 1337 1958 cupivit;

179 1979 191 2019 ε
230 1956 289 2020 se
326 1961 387 2018 in
426 1960 763 2019 interiorem
802 1979 851 2017 ae
894 1961 1033 2018 ium.
1080 1957 1234 2019 Sulla
1274 1958 1334 2017 se
