2117 3984
253 502 817 603 mmmmml53

145 615 215 697 risl)
234 618 415 679 Hortensius
434 615 462 677 se
476 616 575 677 vidille
591 638 715 679 tantum:
729 639 820 679 nemo

142 716 208 771 etat,
223 702 273 779 qui
288 700 373 761 illum
387 716 493 770 reum,
513 719 546 756 ac
563 720 623 757 non
636 700 739 758 millies
753 717 822 759 con·

139 776 302 838 demnatum
317 780 511 837 arbitraretur.
526 777 579 837 Me
592 781 661 837 verb
674 778 741 837 teste
753 800 823 858 pro-

138 857 246 931 dutlo,
267 858 357 918 credo
380 873 409 916 te
431 875 468 914 ex
493 859 699 917 acclamatione
723 856 821 917 Clodii

136 938 346 998 advocatorum
360 933 486 1009 audisse,
500 955 563 1017 quae
576 936 768 997 consurrefflo
779 936 822 1015 ju·

136 1016 227 1077 dicum
248 1016 324 1077 fabia
344 1020 406 1089 sit,
430 1032 462 1074 ut
485 1037 531 1076 me
554 1017 820 1090 circumsteterint,

135 1115 164 1157 ut
186 1120 201 1156 a
225 1100 290 1157 erte
313 1096 413 1178 jugula
435 1096 482 1156 sua
503 1117 557 1175 pro
579 1118 647 1158 meo
672 1100 767 1177 capite
792 1097 823 1157 P.

89 1205 92 1214 =
135 1174 170 1235 cl
211 1179 242 1237 'o
265 1177 462 1237 ostentannt:
488 1196 551 1255 quae
568 1179 639 1235 mihi
660 1198 705 1237 res
727 1178 821 1238 multb

89 1305 92 1312 .
134 1256 377 1318 honorificentior
396 1254 456 1316 visa
479 1256 519 1317 est
537 1302 547 1330 ‚
568 1258 655 1336 quim
678 1273 726 1316 aut
744 1258 821 1329 illa,

138 1357 222 1417 quum
245 1336 344 1415 jurare
362 1338 402 1395 tui
428 1338 507 1397 cives
526 1336 722 1397 Xenocratem
741 1335 823 1395 telli-

120 1460 122 1463 .
136 1421 267 1477 monium
276 1418 427 1477 dicentem
437 1417 659 1494 prohibuerunt3
673 1434 721 1476 aut
733 1436 823 1495 quum

135 1498 241 1557 tabulas
263 1496 383 1557 Metelli
405 1494 574 1569 Numidici,
594 1518 684 1575 quum
702 1497 769 1565 hae,
790 1511 822 1553 ut

136 1574 287 1649 mosell,
309 1573 584 1647 circumferrentur,
608 1574 693 1633 nostri
714 1572 824 1650 judices

143 1654 193 1713 adl
208 1657 285 1715 icere
298 1656 471 1715 noluerunt:
487 1657 578 1713 multo
596 1656 676 1727 haec,
689 1656 825 1733 inquam,

141 1677 232 1794 notia
245 1754 291 1795 tes
305 1732 411 1811 major.
426 1732 527 1815 Itaque
543 1733 670 1813 judicum
682 1734 825 1807 vocibus,

159 1835 227 1875 rrum
247 1835 307 1896 ego
332 1817 372 1873 sic
397 1812 434 1873 ab
458 1817 521 1888 iis,
550 1833 582 1874 ut
602 1813 673 1873 salus
695 1817 823 1894 parriae,

139 1836 312 1952 defenderer
328 1937 337 1964 ,
356 1892 458 1951 fractus
479 1914 566 1968 reus,
586 1896 618 1953 &
636 1894 693 1952 und
710 1896 824 1973 patroni

141 1991 244 2032 omnes
263 1972 470 2032 conciderunt:
491 1975 526 2032 ad
544 1994 591 2033 me
609 1992 704 2034 autem
718 1974 823 2033 eadem

137 2048 301 2131 frequentia
322 2051 459 2133 postridie
479 2055 637 2128 convenit,
655 2054 712 2133 qud
733 2074 823 2132 quum

143 2132 242 2191 abiens
271 2131 416 2192 consulatu
443 2132 503 2192 sum
530 2134 649 2192 domum
680 2132 823 2193 reduetus.

144 2206 280 2271 Clamare
295 2213 420 2292 praeclari
432 2212 637 2292 Areopagitae,
652 2211 751 2270 senon
766 2211 823 2272 else

140 2310 300 2362 venturos,
315 2295 370 2351 nisi
389 2293 522 2372 ptaesidio
543 2289 716 2350 constituto:
735 2290 826 2350 refer-

140 2387 182 2431 tur
199 2372 236 2431 ad
253 2375 429 2444 eonsilium3
445 2394 502 2431 una
518 2372 578 2431 sola
594 2371 734 2431 sententia
751 2392 828 2449 prae·

141 2451 241 2510 sidium
262 2474 325 2512 non
348 2453 548 2511 desideravit:
570 2452 699 2511 defertur
720 2470 766 2510 res
789 2451 827 2511 ad

142 2528 289 2603 senatum;
312 2534 499 2614 gravissime,
519 2530 756 2611 ornatissimeque
775 2532 827 2592 de·

144 2615 283 2673 cernitur:
304 2613 457 2672 laudantur
473 2611 605 2690 judices:
629 2613 710 2670 datur
727 2632 825 2694 nego·

144 2692 208 2750 tium
230 2692 471 2773 magistratibus:
500 2690 699 2770 responsurum
722 2693 825 2751 homi·

89 2811 91 2816 -
146 2790 205 2829 nem
230 2793 323 2832 nemo
354 2773 551 2832 arbitrabatur.
582 2775 687 2833 alred·
715 2763 751 2834 nl·
781 2800 826 2839 uu

146 2857 245 2924 Mirer,
265 2866 372 2915 Owen
386 2852 418 2917 dri
433 2858 534 2930 agaim
550 2860 602 2925 πῦρ
615 2856 725 2927 iperet.
743 2848 826 2909 Nosti

147 2924 283 3004 Calvum,
299 2951 338 2991 ex
358 2928 535 2990 Nanneianis
549 2932 650 3001 illum,
665 2930 747 2988 illum
763 2928 826 2988 lau·

147 3005 269 3073 datorem
296 3031 423 3088 meum,
441 3011 477 3073 de
498 3010 577 3091 cujus
601 3010 736 3146 οτέῐίρῃε
755 3028 824 3089 erga

677 3106 707 3163 ¹¹1
