2117 3984
256 460 325 533 3oo
437 438 744 524 Errsrora

251 551 351 627 differ,
367 552 455 634 quam
474 574 550 612 nuuc
569 570 627 612 tam
649 553 759 630 valenti
781 550 936 617 resisteret?

250 633 309 695 Sed
333 637 472 713 quoniam
494 653 541 692 res
568 634 606 692 eo
630 631 750 696 dedudia
774 631 848 707 est,
875 655 951 698 non·

253 733 406 793 quaeram,
431 731 472 772 ut.
488 712 582 773 scribis
602 758 611 783 ,
635 718 676 773 arti
698 720 813 787 subd&
834 722 863 773 ri
886 722 937 776 uir

250 798 298 854 A'r
315 793 404 867 ardt't'r3
427 792 496 854 mihi
516 801 632 860 eurio&
651 811 741 849 unum
760 794 836 865 erit,
855 792 937 873 quod

244 893 269 936 .a
295 820 438 953 dompeio
466 871 678 955 gubernabitur.
708 871 783 930 Illud
810 870 936 951 ipsum,

253 954 335 1032 quod
355 956 418 1025 ais,
437 953 518 1029 Quid
538 950 609 1024 fiet,
630 973 720 1032 quum
738 954 792 1010 erit
808 950 937 1026 dicium,

253 1035 314 1092 Di&
331 1077 343 1106 ‚
371 1038 415 1093 Μ.
438 1034 538 1101 Tulli,
559 1031 690 1097 criticae:
713 1028 771 1091 Cn.
792 1030 939 1113 Pompeio

253 1111 388 1174 assentio.
413 1110 509 1192 lpsum
531 1129 631 1170 tamen
651 1110 823 1191 Pompeium
849 1112 937 1192 sepa·

253 1195 336 1253 ratim
357 1192 394 1252 ad
415 1191 600 1251 concordiam
617 1190 775 1251 hortabor:
794 1194 835 1250 sic
857 1196 937 1268 enim

253 1271 365 1347 sentio,
382 1276 508 1332 maximo
521 1275 550 1330 in
567 1272 694 1350 periculo
710 1293 772 1330 rem
788 1269 857 1333 effe.
870 1272 938 1334 Vos

254 1351 361 1414 scilicet
380 1354 484 1433 plura,
505 1354 556 1433 qui
576 1354 606 1410 in
624 1352 693 1411 urbe
714 1350 798 1411 estis:
818 1372 938 1414 verum·

254 1452 351 1495 tamen
368 1433 426 1493 hoc
444 1433 557 1505 video,
577 1453 643 1491 cum
661 1432 780 1491 homine
800 1433 941 1494 audacis-

253 1517 353 1587 simo,
369 1517 603 1595 paratissimoque
618 1515 766 1594 negotium
780 1510 855 1586 effe3
875 1534 941 1575 om·

253 1615 306 1655 tres
323 1596 494 1666 damnatos,
510 1614 615 1653 omnes.
627 1594 784 1675 ignominia
800 1593 941 1671 affedios,

253 1695 356 1736 omnes
374 1676 580 1747 damnatione,
599 1674 813 1754 ignominiaque
831 1673 940 1757 dignos

254 1756 319 1814 illac
332 1756 443 1828 facere,
458 1775 577 1814 omnem
589 1752 648 1814 fere
660 1752 863 1831 juventutem,
874 1776 941 1820 om·

244 1854 324 1912 ¹pem
340 1836 419 1893 illam
436 1835 575 1893 urbanam
594 1855 626 1893 ac
642 1834 784 1913 perditam
800 1833 940 1914 plebem,

253 1914 384 1975 tribunos
399 1915 549 1988 valentes,
563 1914 663 1973 addito
681 1913 722 1975 C.
733 1912 859 1989 Cassio,
873 1935 941 1976 om·

253 2013 326 2067 nes,
335 1994 393 2134 lpui
406 2013 461 2053 aere
476 1994 574 2053 alieno·
588 2013 775 2074 premantur,
785 2016 860 2076 quos
874 1997 941 2076 plu-

252 2094 300 2135 res
316 2094 332 2134 e
356 2096 372 2136 e
385 2074 515 2213 inteiltpo
528 2120 538 2146 ,
554 2074 639 2153 quam
658 2092 807 2154 putaram:
823 2075 940 2136 causam

254 2152 347 2215 solum
362 2156 408 2215 illa
425 2176 506 2213 caua
522 2175 583 2214 non
602 2156 687 2215 habet
701 2176 710 2227 3
729 2158 831 2216 ceteris
849 2156 940 2217 rebus

252 2234 389 2296 abundat.
406 2234 463 2294 Hic
478 2238 577 2295 omnia
591 2234 685 2295 facere
699 2256 821 2309 omnes,
838 2256 877 2296 ne
892 2257 940 2298 at·

253 2317 309 2375 mis
334 2317 527 2387 decernatur;
555 2336 679 2394 quorum-
705 2319 796 2376 exitus
822 2303 939 2396 ssmper

251 2396 375 2468 incerti,
389 2416 465 2455 nunc
480 2395 552 2473 veri>
568 2398 596 2454 in
610 2397 728 2455 alteram
745 2413 857 2475 partem
876 2418 943 2472 ma-

246 2478 298 2557 ¹gis
316 2476 445 2537 timendi.
465 2473 583 2553 Bibulur
603 2477 638 2534 de
662 2479 814 2555 provincia
832 2476 937 2538 deces-

250 2558 310 2628 sit,
331 2556 530 2636 Vejentonem
548 2556 696 2635 prafecit:
715 2560 744 2616 in
761 2555 938 2626 decedendo

251 2637 329 2708 erit,
352 2656 384 2697 ut
402 2637 510 2710 audio,
529 2637 655 2696 tardior:
675 2657 762 2716 quem
777 2658 871 2716 quum
885 2658 938 2697 ot·

246 2717 334 2784 ,navit
349 2715 444 2786 Cato,
464 2716 619 2779 declaravit
633 2719 666 2778 iis
685 2716 712 2777 se
731 2715 797 2775 solis
813 2729 875 2778 nora
891 2719 939 2776 in·

251 2795 370 2871 videre,
388 2796 488 2876 quibus
507 2796 597 2869 nihil,
612 2816 662 2857 aut
679 2818 739 2857 non
758 2797 884 2857 multum
899 2797 941 2858 ad

241 2876 420 2959 ,dignitatem
442 2876 535 2957 poffet
556 2878 705 2938 accedere.
731 2876 819 2955 Nunc
844 2879 943 2954 venio

251 2959 289 3020 ad
306 2962 435 3040 privata:
455 2951 516 3017 ferd
536 2958 613 3017 euim
634 2957 769 3040 respondi
786 2959 841 3019 tuis
860 2958 943 3019 litte-
