2117 3984
188 437 255 504 114
373 411 664 480 Errsrotrs
897 423 912 486 l

182 527 311 602 φλᾶτἹυ,
330 526 363 588 &
384 526 506 588 nimillm
523 530 565 586 τό
579 532 657 605 urta?
671 525 860 605 sponholt.
899 551 912 592 Ι

181 606 260 668 Scito
281 608 351 668 nihil
378 624 517 688 umquam
536 586 617 666 lirille
642 624 701 665 tam
724 604 832 668 infame
849 647 872 684 ,-
901 637 912 676 ,ι

182 704 244 746 tam
262 707 366 769 turpe,
385 704 445 748 tam
464 687 598 767 peraequd
617 686 752 746 omnihus
774 705 864 768 gene-
902 715 910 754 s

182 767 278 843 ribus,
292 769 456 844 ordinibus,
468 767 597 826 aetatibus
608 764 769 840 offensum,
779 765 874 848 qudm'
903 795 912 838 ι

182 847 258 909 hunc
283 847 411 924 starum,
436 836 586 929 qulsnunc
608 846 666 908 est:
687 848 780 927 magis
798 867 874 910 rne..
905 879 912 914 2

183 928 301 991 hercule
322 929 408 1013 quim
430 928 565 1000 vellem,
590 948 651 987 non
668 928 763 988 modo
780 927 865 1009 quim
907 957 912 994 t

185 1030 325 1091 putaram.
343 1009 498 1091 Populares
515 1007 558 1067 isti
572 1004 631 1085 jam
647 1010 733 1069 etiam
750 1007 877 1070 modes·-
891 1061 906 1092 Ι.

185 1108 235 1151 tos
255 1091 386 1152 homines
409 1091 521 1151 sibilare
549 1089 717 1150 docuerunt.
749 1088 885 1152 Binum·

189 1172 220 1230 in
242 1172 319 1231 coelo
344 1169 385 1232 est
404 1191 483 1243 ;nec
506 1189 620 1251 quere,
652 1168 710 1230 scio
731 1188 740 1228 s
760 1169 810 1232 sed
829 1172 867 1232 ite

187 1250 334 1326 laudatur,
348 1255 429 1333 quasi
444 1256 525 1312 Unus
539 1252 616 1311 homo
628 1252 706 1310 nobis
719 1253 868 1312 causando

188 1333 300 1412 restituit
325 1356 388 1393 rem.
413 1331 594 1413 Pompeius,
616 1330 704 1390 nostri
726 1350 867 1405 amores,

189 1411 269 1492 quod
281 1412 352 1472 milri
367 1413 477 1474 summo
496 1411 592 1472 dolori
606 1408 663 1484 est,
677 1409 737 1491 ipse
751 1411 782 1474 se
799 1409 869 1472 affli-

188 1494 253 1566 xit3
269 1497 417 1555 neminem
434 1509 531 1554 tenet:
551 1491 724 1564 voluntate,
736 1512 773 1551 en
792 1509 873 1554 metu

189 1572 301 1635 necesse
328 1577 364 1635 sit
387 1576 422 1633 iis
445 1576 517 1647 uti,
542 1591 655 1633 vereor.
682 1569 747 1653 Ego
774 1589 870 1634 autern

190 1673 287 1735 neque
305 1675 403 1736 pugno
418 1674 485 1713 curn
501 1652 550 1713 illa
566 1652 646 1712 causa
658 1670 779 1731 propter
792 1652 870 1714 illem

191 1735 364 1807 amicitiam3
379 1754 473 1815 neque
486 1733 638 1813 approbo,
653 1751 690 1792 ne
703 1735 804 1793 omnia
818 1735 872 1794 irn-

192 1813 335 1893 probem,
355 1835 420 1895 quae
437 1829 522 1874 antea
542 1815 639 1893 gessi:
656 1831 723 1874 utor
737 1814 798 1874 vit.
817 1813 872 1876 Po-

213 1893 252 1951 uli
272 1891 365 1952 sensus
383 1895 508 1953 maxime
525 1893 659 1965 theatro,
680 1892 711 1952 δι
728 1892 881 1973 spellam.

191 1913 226 2031 lls
247 1972 408 2052 perspedlus
427 1971 489 2033 est:
510 1994 577 2032 nam
596 1973 802 2055 gladiatoribus
820 1973 874 2058 qul

193 2051 353 2125 dominus,
379 2053 435 2133 qui
459 2054 592 2115 advocati
611 2054 699 2113 sibilis
717 2055 874 2118 conscissis

192 2131 267 2192 ludis
285 2132 501 2215 Apollinaribus
519 2133 656 2214 Diphilus
678 2136 874 2217 tragoedusin

195 2211 324 2274 nostrum
358 2214 531 2297 Pompeium
561 2215 722 2295 petulanter
746 2214 875 2277 invellus

195 2291 246 2354 est.
265 2296 366 2376 Nostrd
385 2298 492 2375 miserid
512 2315 543 2355 tu
561 2318 589 2354 es
610 2300 730 2375 Magnus
740 2340 753 2367 ,
773 2296 877 2358 millies

196 2374 311 2436 coaetus
322 2374 362 2437 est
375 2376 481 2436 dicere.
496 2377 628 2435 Eandem
641 2377 767 2436 virtutem
780 2380 877 2458 ι’]Ιαηι,

197 2458 287 2516 ueniet
306 2475 408 2535 tempus
427 2465 516 2531 quurn'
525 2458 647 2536 grauiter
664 2478 752 2535 gemes
761 2502 774 2528 ‚
788 2459 883 2519 totins

196 2534 299 2596 theatri
328 2535 453 2596 clamore
480 2536 579 2607 dixit,
604 2538 731 2615 itemque
756 2555 878 2600 cetera-s

197 2634 265 2672 nam
291 2614 323 2674 ὅ(
348 2613 488 2692 ejusmodi
512 2615 574 2676 sunt
595 2617 615 2674 ii
634 2616 763 2689 versus,
791 2636 825 2679 ut
848 2618 878 2676 in

197 2709 312 2773 tempus
340 2696 376 2753 ab
404 2696 522 2756 inimico
552 2695 684 2776 Pompeii
706 2696 800 2776 scripti
823 2695 879 2758 effe

197 2773 359 2843 videantur.
387 2779 420 2835 Si
445 2799 528 2856 neque
556 2778 658 2857 leges,
689 2799 773 2856 neque
796 2799 882 2838 moret

199 2874 297 2936 cogunt
316 2900 328 2926 ‚
352 2855 384 2916 &
405 2874 519 2928 cetera,
542 2877 649 2936 magno
671 2878 736 2915 cum
761 2856 879 2920 fremitu

199 2935 231 2996 ἃ
250 2937 375 3000 clamore
399 2936 461 3000 sunt
483 2935 567 3003 dida.
592 2936 687 2999 Caesar
707 2958 798 3020 quum
823 2957 882 3003 ve.-
