2117 3984
247 491 318 584 '448
431 487 740 560 Emoou

247 605 367 666 sulatum
386 647 397 678 ‚
413 602 468 664 led
490 601 519 664 se
541 602 619 664 nolle
637 602 667 662 io
688 597 856 680 proximan
876 610 927 664 noi
950 629 977 666 .·

247 707 326 746 num.
351 682 389 745 Et
407 684 462 744 alia
479 682 564 756 suot,
583 702 647 763 quae
666 681 829 762 exquiram.
847 681 926 744 Juna

245 763 296 825 bat
318 765 355 826 ad
373 763 534 837 summam,
552 762 631 843 quod
647 761 730 822 nullo
748 761 864 844 negotio
878 762 925 822 fa·

247 864 328 906 teret
349 889 360 918 ,
382 847 584 906 amicissimum
611 842 682 904 mihi
709 839 856 904 cesarem
871 839 920 904 elle

246 925 367 988 debere.
386 923 471 1002 Quid
496 924 603 995 enim,
628 923 744 1001 inquit,
767 922 874 1003 scripsit
892 921 924 984 zi

247 1025 297 1066 me
315 1003 491 1066 Dolabella?
507 1002 604 1075 Dico,
620 1001 715 1082 quid?
737 1001 925 1078 Affirmabat,

250 1105 341 1166 quum
369 1083 517 1164 scripsillet
531 1128 548 1155 ,,
573 1083 652 1163 quod
680 1101 732 1143 me
758 1083 931 1164 capereto

109 1191 127 1212 κ
248 1167 350 1226 urbem
362 1167 462 1226 venite
474 1209 484 1236 ‚
498 1164 580 1223 illum
593 1163 713 1243 quidem
726 1167 836 1244 gratias
849 1183 930 1248 agere

247 1247 388 1328 ¹maximas
410 1289 421 1319 ,
448 1245 479 1305 &
502 1263 575 1338 non·
589 1243 680 1304 modo
694 1243 860 1337 probare,
886 1244 932 1308 sed

248 1322 932 1484 {2232{iliisllllltlzlelffffil;

248 1486 281 1546 δι
301 1486 438 1548 sermonis
464 1486 598 1546 Hirtiani.
620 1482 722 1561 Quim
742 1505 778 1544 cu
803 1488 834 1548 io
855 1489 932 1554 illum¹

248 1566 369 1648 dignum
387 1564 444 1629 elle
462 1568 568 1626 nobis:
588 1565 620 1624 &
657 1563 724 1626 uim
746 1505 809 1644 ipio
829 1588 878 1629 me
893 1570 932 1628 io·

247 1649 334 1722 vito,
354 1649 412 1728 qui
431 1668 485 1727 pro
506 1647 557 1706 illo
579 1648 615 1704 sit
636 1585 862 1725 inspicanduml
885 1647 930 1709 sed

247 1724 932 1888 zeiz0f¹2ili¹¹³stszziffizstllll

453 1851 463 1880 ‚
922 1852 931 1868 .

246 1885 281 1946 &
304 1903 401 1948 tamen
423 1906 493 1946 eum
511 1887 640 1946 nondum
667 1884 769 1948 rediffe
788 1891 929 1948 miramur.

247 1962 308 2026 Sed
328 1966 390 2026 liaec
408 1966 581 2028 videbimus.
602 1964 650 2024 Tu
673 1966 791 2046 Oppios
811 1965 926 2028 Teren-

189 2063 197 2072 ·
246 2048 294 2106 ziae
315 2047 415 2107 dabis:
435 2044 494 2121 iam
515 2049 593 2107 enim
610 2045 687 2106 urbis
708 2068 797 2108 unum
816 2051 929 2129 pericu-

247 2127 309 2186 lum
326 2126 376 2190 est.
401 2127 451 2188 Me
469 2146 567 2188 tamen
587 2128 710 2188 consilio
728 2125 819 2203 juva,
844 2130 929 2210 pedi·

247 2207 338 2270 busne
366 2206 540 2290 Rhegium,
563 2229 599 2266 an
621 2208 687 2267 hinc
707 2206 800 2269 statim
820 2213 848 2269 in
873 2231 928 2270 na·

248 2309 328 2349 vem.
348 2287 489 2350 Ceteriim
508 2290 645 2369 quoniam
669 2310 856 2360 commoror,
870 2307 925 2369 ego

246 2369 285 2428 ad
302 2386 330 2430 te
349 2367 441 2430 statim
456 2371 571 2429 habebo
589 2368 668 2448 quod
687 2367 826 2444 scribam,
844 2367 928 2429 simul

247 2466 279 2508 ut
304 2450 408 2511 videro
429 2449 600 2510 Curionem.
630 2447 679 2508 De
699 2446 810 2510 Tirone
832 2470 927 2522 cura,

247 2528 364 2606 quaeso,
382 2532 462 2611 quod
479 2532 569 2602 facis,
584 2548 614 2590 ut
631 2528 715 2589 sciam
729 2530 796 2609 quid
813 2532 837 2590 is
852 2546 926 2612 agat.

360 2648 516 2711 exenio
544 2643 808 2710 ATr1coSA1..

249 2785 275 2848 ς.
287 2728 355 2828 Do
376 2785 439 2828 tota
455 2790 520 2829 mea
537 2772 712 2849 cogitatione
727 2763 827 2847 scripsi
843 2767 881 2828 ad
897 2783 928 2829 te

140 2873 143 2878 ·
241 2869 329 2912 antea
351 2848 436 2922 satis,
455 2867 486 2908 ut
509 2849 578 2907 mihi
598 2848 672 2909 visus
696 2847 756 2908 sum
773 2893 783 2924 ,
803 2850 930 2931 diligen·

244 2944 306 2989 ter:
328 2931 364 2991 de
382 2931 428 2989 die
446 2930 516 2988 nihil
538 2929 603 2989 sani
622 2928 715 3008 potest
737 2928 818 2990 scribi
840 2932 929 3005 certi,

244 3027 348 3086 praeter
359 3011 443 3084 hoc,
458 3030 517 3072 non
533 3030 600 3072 ante
616 3011 715 3073 lunam
729 3031 852 3076 novam.
867 3008 929 3073 Co·
