2117 3984
263 507 329 567 'AD
351 497 560 566 Arctoum
579 497 746 570 trull).
790 523 856 594 ¹77

167 613 251 676 bna.
266 612 389 676 Contio
403 613 496 673 biduo
506 614 593 674 nulla.
607 613 685 674 Ante
698 615 775 674 diem
791 633 856 675 virt

167 695 231 756 Kal.
247 695 312 754 baec
328 715 387 776 ego
403 691 562 753 scribebam
576 695 649 756 hori
662 693 750 754 notiis
766 695 857 756 noni.

169 773 245 836 Milo
258 794 400 856 campum
410 771 468 852 iam
480 774 608 836 tenebat.
623 774 775 835 Marcellus
788 779 856 836 tan-

169 855 282 918 tlidatus
297 859 339 916 ita
355 853 509 927 stertebat,
524 875 555 915 ut
570 876 628 937 ego
646 857 758 915 vicinus
770 857 855 915 audi-

171 955 241 998 rem.
261 935 364 998 Clodii
379 933 552 996 veslibulum
568 956 690 996 vacuum
706 933 772 995 sani
787 937 857 996 mihi

173 1017 376 1089 nuntiabatur,
395 1018 495 1096 paucis
513 1019 649 1096 pannosis
669 1016 745 1076 linei
765 1015 858 1076 later-

174 1097 219 1158 ni.
238 1095 312 1158 Meo
333 1097 458 1156 consilio
480 1099 580 1156 omnia
600 1097 640 1156 illi
661 1094 722 1155 fieri
747 1116 859 1176 quere-

176 1175 292 1250 bantur,
306 1177 399 1258 ignari
414 1195 554 1256 quantum
569 1178 598 1236 in
614 1177 664 1236 illo
680 1176 769 1238 heroe
787 1175 859 1238 esset

177 1259 285 1330 animi,
347 1273 448 1316 autum
467 1260 557 1316 etiam
576 1257 705 1318 consilii:
727 1258 858 1318 miranda

176 1339 260 1398 virtus
283 1355 302 1398 e
339 1357 347 1396 ε
373 1358 451 1396 nova
470 1337 604 1417 quaedam
629 1339 727 1399 divina
748 1341 856 1398 mitto:

177 1413 221 1478 bd
237 1417 298 1476 lraec
312 1414 424 1476 summa
442 1415 493 1478 esi.
509 1416 638 1478 Comitia
655 1416 718 1478 fore
736 1439 795 1478 non
811 1439 858 1478 ar·

178 1495 279 1560 bitror:
300 1517 385 1558 reum
406 1495 568 1573 Publium,
592 1501 647 1558 nisi
664 1498 859 1560 ante-occisus

179 1579 225 1638 erit
241 1623 254 1650 ,
278 1576 348 1638 fore
373 1600 391 1637 a
412 1577 526 1639 Milone
553 1596 626 1658 puto
649 1597 656 1635 :
686 1580 709 1636 si
734 1575 761 1637 se
784 1578 859 1638 inter

177 1660 247 1718 viam
267 1657 431 1731 obtulerit,
449 1659 576 1719 occisum
598 1660 634 1718 iri
656 1657 693 1716 ab
713 1656 774 1738 ipso
795 1657 860 1717 Mi-

176 1735 238 1800 lone
256 1737 372 1800 video:
390 1759 452 1798 non
469 1739 582 1798 dubitat
603 1737 698 1798 facere
718 1758 727 1811 ;
748 1759 805 1818 prae
830 1739 859 1800 se

175 1817 244 1892 fert3
258 1818 358 1878 casum
372 1817 453 1879 illum
468 1818 596 1880 nostrum
611 1839 670 1879 non
683 1818 861 1882 extimescit:

176 1919 330 1980 numquam
345 1902 424 1960 enim
440 1899 604 1982 cujusquam
620 1900 730 1973 invidi,
745 1901 778 1960 ὅ(
794 1922 860 1980 per·

176 1977 224 2040 lidi
243 1979 369 2041 consilio
395 1978 435 2041 en
459 1981 552 2054 usus;
578 2001 633 2041 nec
657 1983 742 2044 inetti
767 1983 860 2042 nobili

177 2059 341 2124 crediturus.
361 2059 425 2123 Nos
441 2066 539 2122 animo
554 2062 691 2122 duntaxat
706 2064 862 2141 vigemus,

182 2143 265 2200 etiam
285 2143 377 2222 magis
398 2142 485 2221 quim
526 2163 597 2204 uum
618 2141 807 2208 florebamus:
827 2162 858 2202 re

181 2217 304 2282 familiari
319 2225 493 2285 comminuti
506 2166 623 2285 iurnus:
641 2219 748 2298 Quinti
767 2221 861 2284 fratris

177 2317 269 2363 tamen
285 2301 450 2363 liberalitati
467 2327 523 2384 pro
541 2303 728 2363 facultatibus
741 2299 862 2375 noslris,

175 2401 211 2442 ne
228 2383 351 2443 omnino
362 2383 522 2454 ¹exhaustus
544 2382 637 2454 esset,
659 2382 710 2440 illo
730 2379 862 2454 recusan-

175 2479 203 2524 te
211 2505 221 2536 ,
230 2462 362 2524 subsidiis
375 2467 535 2526 amicorum
545 2463 761 2543 respondemus.
774 2461 861 2540 Quid

175 2543 287 2604 consilii
308 2544 346 2604 de
372 2548 455 2604 omni
480 2544 576 2606 nostro
598 2543 668 2604 statu
684 2547 859 2622 capiamus,

174 2637 202 2686 te
224 2623 342 2685 absente
364 2624 525 2687 nescimus:
543 2646 631 2709 quare
653 2625 825 2706 appropera.

278 2741 446 2806 Crctno
470 2742 639 2806 Arrrco
666 2745 749 2810 Sxt.

174 2829 470 2938 4Pttuucunnus
490 2866 561 2925 mihi
579 2864 697 2926 Cincius
719 2866 771 2928 fuit
790 2884 857 2926 ante

174 2946 251 3004 diem
267 2950 385 3006 tertium
399 2946 464 3005 Kal.
478 2946 563 3007 Febr.
576 2963 641 3007 ante
654 2947 767 3006 lucem:
787 2946 858 3005 dixit

175 3028 253 3087 enim
268 3029 340 3089 mihi
356 3046 388 3090 te
403 3024 460 3088 esle
476 3030 505 3088 in
522 3026 602 3089 ltalia
615 3070 624 3101 ,
639 3025 756 3164 seksleque
775 3025 811 3086 ad
828 3042 857 3086 te

708 3128 728 3168 v
