2117 3984
261 511 327 578 174
441 485 748 550 Errsrorrr

371 613 535 678 Cremo
562 613 727 674 Aureo
756 611 843 674 Su.

257 756 285 816 3·
297 706 448 808 Ανεκε
458 761 488 804 te
500 742 581 806 cert&
594 741 652 802 scio
663 786 674 816 ,
686 760 776 822 quum
788 739 860 802 scire
875 743 943 824 quid

254 821 304 882 hie
326 841 452 906 agatur,
478 843 540 886 tum
560 842 627 884 mea
652 841 736 886 ame
759 819 858 896 scire;
883 845 942 884 non
977 843 979 848 ·

255 903 315 981 qub
336 907 459 968 certiora
474 907 530 964 sint
547 923 603 978 ea,
624 923 688 983 quae
707 903 737 962 in
761 903 854 964 oculis
872 925 941 965 om·

255 984 337 1044 nium
355 1005 511 1068 geruntur,
529 986 585 1046 sia
602 1003 650 1046 me
665 982 839 1058 scribantur,
858 985 941 1066 quim

256 1083 346 1143 quum
361 1065 397 1130 ab
409 1067 470 1128 aliis
486 1083 535 1130 aut
548 1064 706 1128 scribuntur
719 1064 789 1137 tibi,
807 1082 856 1125 aut
867 1087 942 1126 nun-

255 1147 384 1218 uantum
405 1149 510 1208 verbm
529 1165 562 1207 ut
580 1143 734 1226 persprcias
754 1164 790 1205 ex
808 1147 882 1207 meis
899 1147 943 1208 lit-

255 1229 345 1301 teris,
367 1249 427 1308 quo
445 1230 543 1290 animo
561 1245 596 1286 ea
616 1225 727 1298 feram,
746 1245 813 1304 quae
833 1245 941 1309 gerun-

256 1323 333 1380 tur,
356 1309 389 1372 &
409 1311 458 1389 qui
476 1311 511 1369 sit
529 1308 587 1368 hoc
611 1323 746 1386 tempore
767 1324 818 1366 aut
842 1311 941 1370 mentis

258 1405 334 1452 meae
350 1388 467 1462 sensus,
483 1406 533 1450 aut
548 1390 671 1448 omnino
688 1389 756 1447 vitae
772 1383 872 1448 status.
888 1387 942 1448 Ar·

258 1471 344 1534 matis
361 1469 525 1532 hominihus
546 1487 611 1529 ame
632 1468 710 1528 diem
731 1470 850 1527 tertium
865 1467 941 1530 Non.

259 1545 411 1614 Novemb.
429 1551 543 1631 expulsi
559 1548 622 1610 sunt
643 1547 716 1608 fabri
736 1546 774 1607 de
800 1567 868 1609 area
884 1547 943 1610 nos-

258 1647 328 1701 tru
351 1629 504 1692 disturbata
522 1632 649 1712 porticus
670 1626 796 1699 Catuli,
825 1647 890 1708 qua
909 1649 942 1692 ex

258 1707 501 1773 senatusconsulto
530 1709 680 1770 consulum
702 1707 852 1770 locatione
877 1707 943 1772 refi-

258 1789 409 1862 ciebatur,
430 1791 463 1851 &
485 1789 522 1851 ad
541 1789 649 1850 reerum
667 1806 743 1868 pene
757 1807 944 1926 gemeret.

258 1865 368 1945 Quinti
389 1867 481 1929 fratris
504 1869 609 1929 domus
636 1870 731 1948 prime
784 1866 846 1929 asta
873 1891 944 1932 ton·

259 1946 335 2026 jean
355 1949 483 2029 lapidum
503 1969 540 2010 ex
559 1969 626 2009 area
648 1947 761 2021 nostra,
777 1948 885 2012 deinde
902 1953 944 2012 in·

259 2029 407 2092 flammata
429 2027 500 2106 jussu
520 2027 644 2101 Clodii3
663 2026 838 2109 inspefiante
858 2031 944 2107 urbe,

261 2107 399 2188 eonjeffis
420 2112 555 2193 ignibus,
576 2110 681 2190 magna
702 2111 821 2191 querela
840 2111 873 2172 &
893 2131 945 2200 ge·

261 2192 355 2266 mim,
375 2213 436 2253 non
452 2192 549 2254 dicam
567 2192 713 2253 bonorum
730 2193 883 2265 omnium,
901 2196 947 2274 qui

261 2271 360 2336 nescio
380 2296 417 2335 an
439 2274 490 2335 ulli
510 2276 595 2346 sint,
619 2272 668 2332 sed
691 2271 777 2350 plane
796 2271 947 2334 hominum

262 2355 404 2415 omnium.
423 2352 477 2415 Ille
491 2354 650 2415 vehemens
671 2372 775 2411 ruere:
793 2352 947 2432 posthunc

262 2434 412 2509 furorem,
429 2436 499 2495 nihil
512 2438 566 2494 nisi
579 2433 689 2493 caedem
703 2434 889 2495 inimicorum
901 2455 949 2496 co·

283 2518 353 2576 'tare
365 2536 374 2589 ;
386 2519 504 2578 vicatim
517 2515 642 2585 ambire3
654 2512 741 2573 servis
755 2517 855 2594 aperte
868 2514 948 2597 spem

276 2598 281 2610 ’
305 2600 402 2657 erratis
421 2596 582 2658 ostendere.
603 2594 718 2655 Etenim
736 2612 842 2669 antea,
859 2615 949 2692 quum

263 2673 403 2754 judicium
431 2679 580 2748 nolebat,
605 2675 728 2736 habebat
754 2676 802 2734 ille
831 2676 950 2757 qurdem

265 2756 431 2831 difficilem,
448 2756 682 2836 manifestamque
700 2755 832 2828 causam,
846 2755 896 2818 sed
910 2777 952 2818 ta·

264 2861 335 2901 men
356 2839 486 2900 causam:
504 2838 534 2895 id
553 2854 667 2917 poterat
683 2834 816 2908 infitiari3
837 2855 952 2919 poterat

264 2923 294 2980 in
316 2921 388 2981 alios
409 2917 567 2989 derivare;
597 2935 711 2997 poterat
730 2920 818 2978 etiam
842 2918 951 3001 aliquid

265 2999 327 3078 jure
349 2999 453 3063 sacrum
475 2997 653 3061 defendere:
680 2997 744 3083 post
759 2999 809 3061 has
827 3003 923 3065 ruinas
941 3045 952 3074 ,
