2117 3984
205 492 248 539 ro
328 466 533 533 Conurrrr
557 467 749 547 Narorrs

197 580 308 641 nemini
325 584 403 642 enim
417 586 445 642 in
458 584 629 663 opinionem
642 582 800 655 veniebat,
815 579 880 641 Ans

198 664 312 720 torrium
330 683 426 724 rerum
440 667 609 745 potiturum.
627 663 686 724 Sed
702 663 795 724 sensus
817 660 881 742 ejus

198 764 215 801 a
230 745 374 804 nonnullis
393 745 579 826 optimatibus
593 744 879 823 reprehendebatur,

198 822 278 904 qubd
315 846 395 886 arum
412 825 502 885 odisse
515 827 610 885 malos
625 828 704 886 cives
720 826 881 885 videretur.

240 903 279 964 X.
292 845 349 967 ille
370 922 466 966 autem
491 904 533 965 sui
556 904 675 985 judicii,
691 909 788 987 potius
808 904 880 985 quid

197 982 226 1044 se
255 987 352 1050 facere
379 1008 432 1067 par
458 984 526 1049 effer
555 988 721 1047 intuebatur
745 1032 755 1060 ,
789 985 879 1067 quam

195 1066 267 1205 puid
280 1067 326 1126 alii
340 1067 479 1127 laudaturi
489 1067 598 1129 forent.
616 1066 768 1129 Conversa
785 1066 882 1127 subitb

210 1165 313 1209 orruna
326 1146 377 1207 est.
390 1148 433 1207 Ut
449 1148 594 1208 Antonius
607 1148 692 1209 rediit
701 1152 731 1207 in
747 1148 858 1207 ltaliam
871 1192 884 1221 ,

196 1241 286 1287 nemo
300 1248 360 1287 non
371 1243 480 1311 magno
498 1231 526 1288 in
542 1230 671 1311 periculo
690 1229 819 1289 Atticum
830 1227 880 1287 fu-

194 1321 290 1367 furum
313 1326 446 1388 putarat,
471 1328 592 1391 propter
609 1310 740 1370 intimam
758 1308 881 1369 familia·

193 1390 308 1447 ritatem
322 1387 475 1452 Ciceronis
493 1392 523 1450 &
541 1390 632 1451 Bruti.
648 1390 750 1471 Itaque
769 1391 805 1449 ad
828 1390 880 1449 ad·

192 1486 314 1529 ventum
334 1469 378 1531 Im
401 1487 547 1532 eratorum
566 1472 604 1533 de
622 1471 689 1532 foro
704 1472 882 1544 decesserat,

192 1550 298 1611 timens
319 1493 561 1634 proscriptionem
581 1574 591 1626 ;
609 1553 774 1633 latebatque
800 1552 878 1631 apud

166 1629 171 1637 ’
193 1627 226 1713 P
243 1632 456 1706 Volumnium,
471 1636 517 1692 cui
528 1678 538 1707 ,
550 1650 583 1692 ut
600 1632 776 1695 ostendimus
790 1633 878 1713 pauli>

194 1711 291 1786 ante,
313 1732 403 1793 opem
431 1714 535 1775 tulerat
563 1713 673 1793 (tanta
693 1716 817 1775 varietas
843 1715 878 1771 iis

193 1807 254 1850 rem
279 1793 376 1852 oribus
401 1793 454 1855 suit
480 1793 625 1867 fortunae,
650 1812 681 1854 ut
706 1794 798 1855 modb
819 1793 877 1867 hi,

130 1900 132 1905 ·
193 1812 286 1932 meib
302 1873 344 1932 isli
368 1876 397 1932 in
421 1874 534 1935 summo
561 1872 651 1937 essent
671 1892 719 1935 aur
742 1874 878 1955 fastigio,

133 1955 134 1958 ’
193 1967 242 2010 aut
259 1954 390 2033 periculo
404 1954 417 2036 )
430 1956 612 2037 habebatque
631 1956 727 2016 secum
749 1955 793 2034 Q.
807 1952 879 2014 Gel-

192 2032 262 2093 lium
283 2029 425 2114 Canum,
447 2037 617 2117 aequalem‚
644 2036 878 2114 simillimumque

106 2128 110 2134 ’
192 2111 244 2173 sui.
265 2112 333 2175 Hoc
352 2137 470 2197 quoque
483 2117 516 2177 srr
532 2118 625 2177 Attici
633 2119 767 2177 bonitatis
778 2136 880 2175 exem·

190 2194 297 2275 psum,
318 2197 399 2278 qubd
414 2219 479 2258 cum
500 2218 565 2274 eo,
586 2219 675 2281 quem
699 2218 820 2279 puerum
845 2198 876 2255 in

190 2276 262 2337 ludo
283 2284 482 2361 cognoverat,
504 2280 581 2339 adeo
606 2277 757 2353 conjunsie
774 2278 876 2349 vixit,

191 2374 224 2416 ut
246 2360 283 2417 ad
303 2377 462 2420 extremam
488 2375 603 2418 aerateur
625 2360 748 2419 amicitia
771 2377 876 2417 eorum

189 2438 327 2500 creverit.
582 2445 586 2453 '
691 2437 694 2440 ’

204 2536 210 2556 ¹
232 2517 379 2598 Antonius
397 2538 514 2595 autem,
534 2518 585 2582 etsr
605 2535 687 2579 tanto
706 2519 776 2578 odio
799 2516 877 2576 fere·

189 2596 274 2658 b'atur
297 2604 326 2659 in
339 2600 522 2665 ‘Ciceronem
541 2647 551 2675 ‚
572 2619 604 2660 ut
625 2621 685 2658 non
705 2598 797 2657 solum
819 2598 875 2669 ei,

189 2676 244 2740 sed·
260 2682 399 2743 omnibus
421 2677 507 2746 etiam
536 2678 598 2761 ejus
618 2680 714 2738 amicis
733 2674 802 2736 esset
817 2677 873 2735 ini-

188 2763 301 2835 micus,
319 2764 426 2847 eosque
447 2765 538 2826 vellet
557 2758 758 2841 proscribere,
777 2758 877 2818 multis

190 2840 393 2919 hortantibus;
409 2863 507 2905 tamen
529 2841 617 2901 Attici
636 2858 750 2899 memor
767 2836 820 2897 fuit
832 2840 877 2899 of·

189 2918 247 2982 ficii
264 2944 274 2997 ;
295 2926 326 2987 8<
343 2926 392 3002 ei,
407 2946 494 3007 quum
514 2918 669 3003 requisrsser
690 2920 807 2979 ubinam
829 2918 874 2979 es·

189 3001 254 3080 set,
273 3004 321 3067 sust
338 3028 423 3069 mauu
438 3002 563 3084 scripsit,
583 3026 616 3062 ne
629 3004 752 3076 timeret,
762 3003 871 3082 statim·
