2117 3984
223 496 290 588 316
405 493 761 562 Errsrora:

256 643 261 649 ·
327 615 682 686 Creruo'Acrrco
711 621 799 683 Suu

222 723 462 846 ruQuAEsO,
482 762 551 841 quid
577 764 632 822 hoc
660 761 728 822 est?
758 735 808 822 aut
835 713 910 843 ciuid

220 850 313 925 agitur
336 843 347 901 ἓ
367 842 435 901 mihi
456 844 534 901 enim
556 844 682 903 tenebrae
703 841 776 902 sunt.
796 843 904 940 Cinga:-

222 927 278 985 lum
290 970 301 996 ‚
315 926 427 1001 inquis,
441 943 490 979 nos
509 940 626 982 tenemus
641 945 650 981 .·
670 925 815 984 Aaronem
824 946 905 984 ,am-

221 1006 316 1065 st'mus.
328 1003 465 1064 Labienus
476 1000 599 1079 discessit
615 1005 649 1060 ab
670 1006 782 1078 Celare.
794 1001 908 1064 Utritnr

221 1086 259 1145 de
268 1089 439 1165 imperatore
453 1083 554 1160 populi
571 1082 699 1142 Romani
712 1127 722 1156 ,
734 1104 770 1142 an
790 1082 827 1148 do
840 1082 908 1148 Art-¹¹

220 1166 315 1226 nibale
337 1162 480 1244 loquimur
504 1161 515 1219 ὲ
539 1162 558 1221 ὃ
583 1163 731 1226 hominem
753 1181 903 1226 amentem

223 1247 256 1305 &
271 1244 425 1315 miserum,
441 1244 489 1320 qui
501 1261 539 1300 ne
557 1243 685 1302 umbram
702 1242 822 1320 quidem
836 1265 904 1308 utne

224 1346 311 1405 quam
323 1330 357 1385 vi
369 1330 442 1382 καλὲ
456 1321 564 1380 viderit
577 1325 584 1382 l
597 1340 680 1403 atque
697 1323 758 1381 haec
778 1325 819 1382 ait
835 1345 903 1384 om·

224 1408 271 1465 nia
290 1406 383 1465 facere
403 1400 430 1459 se
449 1403 591 1483 dignitatis
607 1403 708 1462 causi:
728 1404 778 1462 ubi
794 1402 904 1466 estati-

222 1503 284 1547 tem
299 1485 441 1565 dignitas,
460 1485 513 1541 nisi
527 1481 576 1540 ubi
586 1481 714 1542 honestas
737 1482 747 1541 ἓ
764 1504 835 1542 num
847 1484 903 1545 ho·

222 1566 334 1626 nestum
343 1565 445 1643 igitur,
460 1563 565 1621 habere
581 1566 736 1622 exercitum
754 1564 835 1623 nullo
847 1587 905 1646 pu·

221 1648 299 1707 blico
323 1642 476 1712 consilio?
502 1663 644 1723 occupare
665 1643 748 1702 urbes
772 1645 905 1721 civium,·

222 1730 279 1806 quo
300 1725 409 1785 facilior
425 1724 460 1779 sit
478 1723 570 1781 aditus
591 1724 627 1782 ad
648 1725 766 1802 patriam
787 1722 799 1782 ἓ
821 1730 909 1801 miii·

221 1804 372 1874 baratarii,
397 1801 517 1872 ovilla»
543 1804 666 1874 auidius,
687 1802 819 1862 sexcenta
848 1807 905 1866 alia

221 1883 325 1943 scelera
344 1881 460 1950 moliri,
477 1879 518 1945 eit
541 1885 604 1939 9181
623 1884 754 1957 μεγῖσθιι
775 1881 816 1946 0‘1'5’
835 1887 904 1960 ixei!

221 1960 356 2041 coendia
377 1959 387 2018 ἓ
411 1958 464 2016 sibi
488 1958 592 2018 habeat
622 1961 698 2019 suam
726 1959 873 2020 fortunam
892 1983 910 2026 ε,

222 2064 308 2101 unam
334 2037 496 2099 mehercule
520 2057 616 2098 tecum
642 2042 901 2119 apricationem-in

222 2123 272 2182 illo
303 2121 457 2181 Lucretino
488 2137 540 2179 tuo
569 2118 626 2180 sole
656 2121 780 2192 malim,
812 2120 907 2202 quim.

223 2205 321 2262 omnia
336 2199 489 2260 istiusmodi
509 2220 619 2279 regna3
640 2202 688 2260 vel
706 2203 802 2279 potiits
826 2205 908 2262 mori·

221 2285 345 2351 millies,
365 2280 450 2361 quim
466 2278 554 2338 semel
571 2278 723 2338 istiusmodi
743 2282 902 2362 quidquam

222 2366 358 2444 cogitare.
377 2359 477 2439 Quid,
495 2362 524 2418 si·
536 2377 567 2419 tu
587 2360 659 2420 velis
680 2360 690 2420 ἓ
709 2363 906 2444 inquio-Age.

222 2448 285 2523 quis
300 2441 361 2514 est,
380 2442 426 2500 tui
442 2440 518 2510 velle
540 2461 598 2499 non
613 2440 696 2499 liceat
715 2439 726 2498 ἓ
749 2440 874 2522 sedego
888 2475 907 2516 ,-

221 2525 278 2582 hoc
291 2523 382 2602 ipsum
390 2520 483 2591 velle,
499 2520 625 2579 miserius
637 2519 691 2579 elle
702 2520 777 2580 duco
790 2520 898 2601 „quim

220 2606 250 2660 in
268 2620 382 2660 crucem
400 2600 473 2659 tolli.
492 2599 557 2657 Una
572 2620 617 2659 res
635 2599 674 2660 est
694 2602 728 2658 ei
749 2600 899 2676 miserior,

218 2681 334 2762 adipisci
349 2679 427 2759 quod
443 2681 481 2736 ita
499 2681 634 2739 volueris.
651 2679 703 2739 Sec
718 2680 778 2739 haec
799 2681 900 2744 hatte&

221 2780 274 2819 nus
291 2779 298 2817 ε
316 2753 437 2816 libenter
455 2761 533 2814 enim
553 2762 581 2815 in
599 2761 641 2817 his
660 2758 900 2837 molestiisitexo-

219 2844 293 2919 λέξω
307 2868 354 2898 ou.
375 2833 538 2906 Redeamus
556 2839 591 2896 ad
612 2838 747 2897 nostrum.
768 2837 826 2900 Per
840 2843 900 2900 for·

218 2939 316 2987 tunes,
332 2916 413 2998 quale
431 2914 480 2974 tibi
497 2919 649 2977 consilium
666 2918 798 2999 Pompeii
819 2921 900 2980 vide·

218 3000 284 3061 tur?
305 2999 360 3061 hoc
377 3016 494 3078 quaero,
516 2998 596 3080 qudd
608 2999 708 3060 urbem
728 3001 899 3082 reliquerit:
