2117 3984
184 484 259 572 464
367 477 677 544 Errsrorrr

184 594 267 656 filio:
287 591 319 652 dc
340 607 413 673 puto
431 611 506 671 opus
520 587 588 652 elle.
608 589 666 650 Hic
685 605 788 651 tamen
806 586 872 670 Cy·

184 672 328 733 thetidem
347 672 445 734 secum
462 669 564 733 lediici
580 669 682 752 aperti
697 687 818 751 portat,
836 670 874 730 al·

183 754 247 814 teri
264 773 408 814 uxorem:
426 752 535 833 septem
552 769 693 833 praeterea
714 749 874 829 conjundae

183 832 293 894 lefflcae
320 837 475 895 amicarum
503 831 594 907 sunt,
619 854 656 892 an
681 829 874 892 amicorum?

184 912 267 974 Vide
288 915 376 995 quim
393 916 469 993 turpi
486 912 566 972 letho
585 932 759 994 pereamus:
774 912 807 974 dc
824 912 874 971 du·

185 994 269 1069 bita,
288 997 312 1056 si
330 1012 437 1075 potes,
458 994 527 1073 quin
546 993 594 1054 ille
609 1038 618 1066 ‚
635 993 684 1053 seu
699 991 794 1054 vidus
808 1035 817 1066 ,
830 992 873 1052 seu

185 1074 280 1135 vidior
300 1075 439 1148 redierit,
462 1073 573 1134 caedem
594 1072 723 1134 sediums
747 1075 794 1135 sit.
816 1070 872 1154 Ego

83 1163 85 1168 '
185 1156 260 1216 verb
283 1156 332 1216 vel
352 1154 524 1228 lintriculo,
547 1156 570 1213 si
597 1156 680 1217 navis
708 1170 872 1222 nonem,

188 1236 309 1314 eripiam
337 1256 385 1300 me
415 1256 453 1296 erc
479 1232 599 1294 istorum
628 1233 796 1314 parricidio.
818 1231 871 1294 Sed

189 1315 273 1456 §dura
293 1314 413 1376 scribam
436 1360 446 1390 ‚
476 1335 566 1398 quum
592 1315 674 1374 illum
695 1333 872 1376 convenere.

209 1416 337 1457 uvenem
350 1395 478 1458 nostrum
490 1417 550 1457 non
563 1393 678 1477 polium
691 1415 754 1455 non
768 1412 874 1463 amare3

191 1474 243 1538 sed
262 1477 298 1537 ab
313 1497 350 1538 eo
369 1499 424 1540 nos
441 1498 503 1538 non
520 1478 610 1537 amari
625 1476 712 1556 plane
727 1475 872 1557 intelligo:

182 1556 264 1618 ¹nihil
282 1579 298 1620 e
320 1580 339 1619 ο
356 1560 419 1624 vidi
432 1575 493 1619 trun
511 1558 699 1630 hierusalen,
717 1573 779 1616 tarn
796 1575 876 1617 aver-

191 1637 254 1699 sum
267 1660 284 1697 a
298 1579 371 1713 suis,
384 1657 445 1701 tam
459 1636 557 1704 nescio
569 1636 638 1719 quid
652 1638 797 1776 cofitans.
810 1635 875 1696 Vim

190 1718 392 1782 incredibilem
409 1717 621 1780 molestiarum!
639 1714 677 1778 Se
714 1720 772 1778 erit
787 1739 875 1788 cure,

193 1797 227 1858 δι
246 1797 309 1872 est,
331 1817 364 1860 ut
384 1818 524 1882 regatur:
549 1801 653 1859 mirum
674 1794 715 1858 est
733 1800 813 1859 enim
830 1800 875 1857 in·

191 1880 331 1960 genium:
352 1878 411 1946 r'r'lur
431 1882 607 1956 ὶπιμιλητέοι.

303 1991 466 2061 Crceno
494 1995 665 2058 Arrrco
694 1997 780 2061 Sir..

182 2083 505 2190 {monslauri-rr
525 2115 584 2196 jam
605 2117 729 2200 epistola
747 2119 779 2181 su
801 2118 876 2179 erio·

188 2221 253 2277 te,
278 2219 347 2272 nnn·
359 2201 468 2281 placuit
487 2200 515 2259 ei
538 2197 627 2273 dari,
654 2204 702 2263 cui
720 2223 758 2264 cu
803 2203 877 2258 'tue-

189 2303 282 2356 mm,
304 2281 385 2363 quid
406 2298 468 2341 erat
490 2281 598 2340 alienus
619 2301 627 2337 z
653 2284 753 2363 itaque
777 2302 815 2341 eo
833 2279 876 2339 die

190 2365 258 2427 data
278 2384 339 2423 non
362 2360 411 2422 est.
436 2360 556 2423 Interim
574 2364 657 2420 venit
680 2362 873 2430 Philotimus,

189 2445 224 2506 δι
241 2442 310 2504 mihi
327 2464 344 2502 a
359 2458 388 2503 te
405 2442 512 2501 litteras
525 2441 670 2514 reddidit;
689 2443 794 2525 quibus
814 2459 873 2521 quae

190 2526 229 2588 de
244 2524 332 2585 fratre
349 2544 417 2584 meo
433 2521 549 2595 scribis,
566 2521 628 2581 sunt
644 2543 680 2583 ca
695 2524 813 2605 quidem
827 2538 874 2598 pa·

191 2624 256 2672 rum
276 2602 380 2677 firma,
398 2602 448 2664 sed
459 2604 569 2662 'habent
586 2602 657 2661 nihil
673 2603 794 2674 dnum,
807 2596 874 2658 nihil

190 2684 276 2746 fallax
291 2729 301 2760 ,
318 2684 389 2744 nihil
407 2705 467 2744 non
488 2683 613 2742 flexibile
638 2683 675 2742 ad
694 2684 876 2753 bonitatem,

190 2766 261 2828 nihil
282 2765 362 2846 quod
388 2785 448 2823 non
475 2768 533 2843 qud
560 2764 633 2823 velis
658 2785 721 2825 uno
744 2763 874 2823 sermone

186 2848 285 2927 possis
303 2844 476 2926 perducere:
494 2863 530 2901 ne
547 2844 653 2915 multa3
675 2863 783 2905 omnes
798 2842 877 2926 suot,

185 2932 276 2990 etiem
295 2926 398 3006 quihus
411 2922 535 2986 irascitur
553 2925 702 2995 crebrius,
719 2941 821 2986 tamen
834 2944 879 2984 ca·

190 3027 238 3070 ros
259 3007 369 3083 habet,
391 3025 438 3068 me
457 3006 576 3086 quidem
594 3004 622 3067 se
642 3004 706 3085 ipso
728 3007 881 3070 cariorem.
