2117 3984
256 505 364 596 κῃ·
439 493 742 563 EPISTOLAE

249 629 324 674 amo
339 605 447 670 talenta
465 612 579 672 circiter
591 626 726 683 centum3
741 609 887 693 Pompeio
902 611 934 673 iu

247 690 295 752 sex
314 689 464 750 mensibus
480 690 616 774 promiffa
636 709 688 754 cc.
705 690 769 751 Jam
787 693 818 751 in
840 693 935 790 Appii

244 772 367 850 negotio
427 789 526 834 amum
554 773 703 832 tribuerim
726 772 847 846 Bruto,
876 773 935 834 drci

243 853 294 910 vix
311 791 427 932 porca?
441 850 525 930 Quid
549 851 589 914 est
606 854 692 938 igitur
711 898 721 926 ‚
747 852 831 936 qubd
848 853 933 914 labo·

244 949 311 991 rem
325 931 337 993 i
352 935 458 992 amicos
474 931 561 993 habet
579 953 673 993 meras
693 954 784 1015 nugas
803 978 816 1006 ,
838 933 932 995 Mati-

245 1015 349 1085 nium,
366 1011 511 1094 Scaptium
524 1034 534 1085 ;
551 1015 620 1095 qui,
640 1015 707 1152 ‹tria
723 1036 784 1074 non
802 1013 932 1078 habuita

246 1113 296 1153 me
313 1111 419 1154 turmas
435 1095 584 1174 equitum,
601 1097 648 1178 qui
670 1116 702 1158 us
722 1092 861 1178 Cyprum
874 1115 936 1158 ve·

246 1191 347 1248 xaret,
368 1188 401 1232 ut
419 1192 485 1235 anre
505 1194 552 1240 me
573 1174 700 1249 fecerat,
724 1173 841 1236 fortasse·
866 1173 933 1236 suc-

246 1253 343 1315 censet
362 1274 372 1327 3
391 1272 439 1314 aut
449 1258 516 1336 quia
537 1254 685 1338 praefecius
698 1276 757 1315 non
774 1253 834 1328 est,
893 1255 935 1316 od

226 1402 230 1408 .
248 1355 306 1417 ego
318 1336 427 1396 nemini
436 1337 522 1396 tribui
531 1337 718 1420 negotiatum
728 1355 788 1395 non
801 1333 839 1396 C.
883 1355 935 1398 en·

246 1419 360 1491 nonio,
383 1435 452 1477 meo
473 1416 632 1489 familiari,
651 1437 712 1475 non
731 1432 782 1476 tuo
803 1414 850 1476 M.
875 1415 934 1480 Le·

249 1500 324 1571 rri0;
347 1499 378 1560 &
395 1497 475 1580 quod
489 1497 542 1558 tibi
559 1494 662 1556 Romae
679 1493 864 1562 ostenderam
883 1515 937 1559 me

246 1578 420 1642 seruaturum
434 1597 445 1651 ;
459 1581 489 1638 in
500 1600 560 1660 quo
578 1576 779 1674 perseveravi:
797 1577 848 1638 sed
862 1577 934 1674 quid

246 1663 354 1741 poterit
372 1661 452 1740 queri
477 1660 525 1732 is,
588 1681 615 1731 r,
638 1655 747 1722 auferre
775 1671 939 1742 pecuniam·

246 1761 335 1820 quum
345 1735 436 1817 poffet
446 1783 455 1810 ‚
466 1738 706 1818 noluit.Scaptio
719 1759 746 1810 ,··
788 1739 800 1796 i·
809 1741 840 1800 in
849 1737 934 1822 cap·

247 1820 369 1899 padocia
387 1817 460 1889 fuir,
486 1836 558 1898 puto
580 1816 635 1878 effe
655 1815 749 1880 fatisia
846 1821 933 1880 :isa

247 1919 295 1960 me
306 1897 479 1958 tribunatum
491 1917 579 1992 quum
589 1895 758 1984 accepisset,
772 1895 866 1980 quem
875 1919 934 1998 εει)

247 1998 284 2038 ex
294 1977 374 2038 Bruti
383 1978 482 2038 litteris
491 1975 933 2064 erdetulissem‚posteascripsrt

247 2059 369 2133 adme,
389 2056 418 2119 se
436 2062 478 2119 uti
495 2060 573 2120 nolle
592 2080 630 2120 eo
652 2060 807 2120 tribunatu.
818 2059 933 2124 Gavius

247 2137 288 2200 est
308 2139 445 2224 quidam,
465 2144 509 2199 cui
525 2162 615 2222 quum
627 2137 827 2223 praefesturam
845 2143 935 2206 detu-

246 2219 338 2282 liffem
358 2219 439 2282 Bruti
456 2242 579 2303 rogatu,
601 2222 691 2281 multa
707 2219 863 2286 Roma&
885 2223 934 2282 di·

246 2305 311 2376 xit,
327 2304 358 2363 &
375 2301 444 2362 fecit
463 2323 527 2362 cum
549 2303 671 2384 quadam
688 2321 754 2361 mea
774 2321 934 2364 contume-

246 2384 305 2457 lia,
317 2381 457 2447 uclodfi
470 2384 546 2446 cauis
565 2385 605 2442 :is
619 2402 669 2444 me.
682 2401 736 2442 uec
748 2381 935 2464 proficiscen·

246 2480 309 2524 rem
322 2465 484 2545 Apameam
497 2461 662 2545 prosecutus
678 2459 718 2522 est
731 2483 740 2535 ;
754 2484 830 2538 nec,

246 2543 345 2628 postea
359 2547 388 2603 in
406 2542 643 2617 castraveniffet,
660 2562 744 2624 atque
762 2485 930 2605 indeffl

189 2655 191 2660 ¹
246 2625 351 2697 deret,
368 2643 438 2684 num
450 2623 519 2706 quid
530 2625 637 2685 vellem
649 2667 659 2697 ,
677 2625 792 2705 rogavit
803 2645 813 2699 ;
835 2623 867 2685 &
876 2623 931 2686 fuit

246 2705 345 2788 aperte
358 2704 427 2764 mihi
437 2703 533 2764 nescio
546 2725 634 2785 quare
642 2726 701 2763 uon
712 2707 832 2770 amicus.
843 2703 932 2768 Hunc

248 2783 305 2870 ego
318 2788 340 2845 si
356 2786 386 2844 in
401 2782 539 2864 praefeuis
551 2782 722 2858 habuiffem‚
738 2807 828 2867 quem
839 2803 872 2848 m
885 2807 932 2848 me

246 2867 395 2929 hominem
415 2882 529 2945 putares
542 2863 554 2925 ἓ
567 2869 637 2948 qui,
653 2883 685 2925 ut
697 2865 764 2941 scis,
783 2871 933 2950 potentis·

248 2945 543 3008 simorumhominum
551 2950 762 3008 contumaciam
771 2969 935 3030 numquam·

246 3029 382 3104 tulerim,
396 3026 504 3088 ferrem
524 3026 607 3108 hujus
634 3025 743 3088 affeclae
763 3027 776 3086 ἓ
797 3034 852 3091 etsi
873 3029 932 3090 hoc
