2117 3984
183 453 235 524 70
365 429 673 497 Euzsroau

182 564 214 606 tu
238 541 312 603 soles
341 540 466 615 facere,
493 560 523 603 te
550 540 746 620 superarem,
778 538 812 602 ἃ
835 541 877 604 in

182 623 285 702 scripto
307 622 399 682 multb
419 621 506 684 ellem
528 623 675 690 crebrior,
701 620 790 700 qulam
809 621 877 698 tus,

182 702 231 762 sed
251 702 288 761 ad
309 701 453 777 summas,
471 721 558 783 atque
576 700 762 761 incredibiles
778 721 816 762 oc
847 709 850 718 '
876 775 877 782 ἵ

183 782 314 861 pationes
337 803 416 844 meas
441 782 580 855 accedit,
634 780 694 840 ubd
717 781 847 841 nullam·-

182 882 230 923 me
242 861 391 943 epistolam
404 862 441 923 ad
454 880 484 923 te
496 864 561 922 sino
575 803 682 942 abique
694 865 877 943 argument!

184 965 218 1002 ac
237 942 377 1004 sententia
415 946 558 1004 ervenite.
581 939 619 1000 Et
638 943 766 1023 primbm
785 943 839 1002 tibi
853 943 877 986 ’θ

184 1041 216 1082 ut
234 1045 348 1118 aequum
366 1044 383 1083 e
418 1069 427 1097 ,
445 1025 503 1084 civi
519 1024 626 1082 amanti
643 1023 785 1102 patriam,
802 985 877 1104 φῶ]

183 1103 246 1164 sunt
269 1126 299 1163 m
322 1104 499 1184 republica,
525 1123 699 1183 exponam:
726 1102 877 1182 deinde··‚

183 1187 322 1322 puoniam
341 1185 391 1244 tibi
414 1204 513 1245 amore
533 1204 588 1243 nos
607 1183 731 1263 proximi
750 1181 837 1242 sums-
852 1197 872 1257 ,j

195 1265 335 1324 cribemus
359 1268 447 1326 eriam
468 1265 504 1324 de
523 1264 609 1324 nobis
630 1283 689 1336 ea,
714 1282 780 1343 quae
797 1258 858 1324 [δι’

184 1360 214 1404 te
237 1365 298 1404 non
319 1346 398 1406 nolle
416 1345 593 1406 arbitramur.
614 1342 713 1423 Atque
733 1346 765 1401 in

183 1425 259 1483 blica
280 1444 356 1484 nunc
377 1426 494 1507 quidem
519 1425 644 1483 maxime
667 1420 779 1484 Gallici
806 1454 812 1473 ·
834 1461 873 1501 ψ]

183 1504 310 1566 versatur
326 1524 436 1567 metus:
451 1526 520 1566 nam
535 1503 629 1578 Edui‚
644 1500 745 1563 fratres
759 1524 794 1562 n·
809 1514 825 1553 ¹·
855 1503 875 1571 ζ’

184 1606 223 1724 pp
245 1602 329 1645 nant:
344 1586 470 1669 Sequani
488 1584 615 1665 pertuale
633 1599 816 1665 pugnarunt:
868 1645 874 1657 ,

216 1607 315 1726 elvetii
339 1669 399 1728 sine
428 1667 516 1727 dubio
541 1665 604 1724 sunt
628 1667 658 1724 in
682 1664 794 1736 armis,
832 1697 876 1749 ⁴„

184 1745 385 1824 cursionesque
400 1748 431 1804 iu
446 1747 629 1826 provinciam
644 1743 762 1806 faciunt.
855 1765 873 1825 4,

183 1842 228 1884 tus
257 1825 414 1898 decrevit,
439 1842 471 1886 ut
498 1824 630 1885 consules
658 1824 730 1885 duas
755 1823 798 1886 G⁴
835 1831 872 1907 4'

152 1925 155 1930 ·
183 1903 368 1979 sortirentur,
390 1904 515 1967 delectus
536 1906 710 1979 haberetur,

138 2016 140 2023 ·
185 2006 237 2046 nes
260 2006 297 2046 ne
316 1987 478 2060 valerent,
505 1985 592 2065 legati
614 2006 680 2045 cum
699 1984 827 2064 aubio'
857 2000 860 2003 ’

184 2069 384 2140 mitteremur,
402 2069 451 2147 qui
466 2067 578 2126 adirent
595 2064 699 2125 Galliae
716 2047 877 2160 civitates&

184 2146 342 2237 darentque
362 2168 514 2227 operam,
540 2167 578 2206 ne
601 2166 643 2205 eae
666 2165 733 2205 cum
753 2146 814 2210 Hel
853 2147 858 2154 '

184 2229 231 2288 tiis
254 2226 282 2288 se
302 2246 464 2311 jungerent.
486 2226 589 2308 Legati
607 2224 671 2287 sunt
691 2223 737 2302 Q.
756 2155 878 2372 M‘q

184 2308 227 2368 lus
250 2306 409 2382 Creticus,
431 2308 463 2368 δι
485 2307 520 2367 L.
544 2308 690 2376 Flaccus,
716 2305 750 2365 &
768 2307 836 2368 vlt
873 2375 877 2390 Ι

185 2394 220 2465 τῇ
242 2397 319 2469 φακῇ
338 2389 441 2466 μόρον,
466 2386 605 2446 Lentulus
625 2383 763 2445 Clodiani
781 2383 878 2456 filius-l

184 2465 285 2546 Atque
305 2466 446 2527 hocloco
470 2465 541 2525 illud
562 2486 622 2527 non
644 2484 721 2547 queo
745 2480 878 2547 praeterrn'

186 2545 227 2602 ire
248 2589 258 2617 ,
282 2548 390 2625 quod,
435 2568 504 2606 uum
524 2546 560 2605 de
584 2545 776 2607 consularibus
800 2557 877 2608 mei·-

185 2626 276 2703 prima
294 2624 352 2684 sors
372 2568 488 2699 exillet,
508 2628 656 2686 univoce
677 2624 789 2687 senatus
808 2625 869 2690 fre·

184 2722 276 2782 quens
292 2706 473 2765 retinendum
488 2727 536 2766 me
549 2708 577 2765 in
590 2705 660 2765 urbe
672 2706 795 2768 censuit:
809 2707 868 2770 hoe

185 2783 264 2843 idem
286 2786 350 2866 post
373 2806 421 2845 me
444 2785 587 2867 Pompeio
615 2788 737 2859 accidit;
760 2802 793 2848 ut
812 2779 877 2850 ιιοιἶ

185 2865 278 2940 duo,
301 2867 381 2946 quasi
408 2870 439 2946 pi
460 2888 530 2926 nora
556 2868 721 2946 reipublicae
750 2869 877 2929 retineri:

183 2946 365 3010 videremur:
382 2888 542 3029 quilenim
556 2967 613 3029 ego
629 2948 752 3010 aliorum
770 2951 801 3009 in
819 2965 878 3011 me‘
