2117 3984
264 478 331 545 104
448 455 750 524 Eersrore

256 570 362 632 Romae
379 565 459 707 (inbd
480 567 577 628 scribis
600 567 676 629 sileri
686 554 699 639 ;¹
718 569 758 625 ita
780 566 916 648 putabam
928 529 965 626 Γ.

258 668 288 711 at
306 649 422 709 hercue
449 650 479 706 in
498 650 573 731 agris
594 668 656 707 non
673 647 788 707 siletur:
809 645 940 788 necssjatu

259 732 317 871 ipsi
338 730 398 869 agri
422 739 543 810 regnum
571 727 696 789 vestrum
721 726 796 788 ferre
817 749 858 809 po
882 743 955 790 unu·¹

282 814 358 871 iver
396 811 425 868 in
443 810 516 868 hanc
532 811 683 873 ‘reaia-vari
695 810 809 869 veneris
823 821 981 881 Acerris-⁴2·

976 807 982 836 i

262 877 381 969 variet(
396 889 524 949 Formias
545 883 640 967 dico)
664 890 712 966 qui
731 888 864 948 fremitus
886 888 944 948 ho·
977 885 982 938 ’ἑ

262 967 394 1029 minum?
413 968 500 1048 qudrn
512 969 575 1027 irati
587 968 693 1027 animi?
706 986 815 1056 quanto
829 970 859 1027 in
873 967 943 1030 odio
979 1007 981 1052 3

262 1047 358 1110 noster
377 1052 484 1108 amicus
506 1047 656 1130 Magnus?
675 1069 755 1127 cujus
777 1067 943 1130 cognomen

262 1128 321 1189 und
340 1149 406 1188 cutn
425 1128 522 1189 Crassi
541 1127 651 1188 Divitis
672 1132 848 1210 cognomine
868 1148 943 1188 con-

265 1208 394 1271 senescit.
423 1207 534 1271 Credas
559 1208 629 1267 mihi
648 1210 736 1269 velim
756 1230 766 1281 ;
795 1211 955 1270 neminem·
979 1227 981 1232 ·

265 1289 359 1351 adhuc
374 1288 506 1365 offendi,
523 1292 573 1371 qui
592 1290 653 1347 haec
670 1306 729 1349 tam
742 1289 839 1359 lente,
857 1289 943 1370 qudm
971 1311 980 1352 ,·

264 1390 324 1453 ego
339 1370 419 1445 fero,
432 1370 529 1432 ferret.
539 1368 744 1447 Quare,'mihi
758 1369 861 1443 crede,
871 1385 946 1444 φιλο-

266 1459 403 1532 reprimi:
419 1449 526 1530 juratus
545 1452 597 1510 tibi
615 1446 727 1530 possum
741 1449 861 1523 dicere,
875 1447 945 1510 nihil

268 1528 324 1591 effe
342 1535 422 1592 tanti.
441 1531 488 1593 Tu
505 1535 529 1591 si
544 1533 651 1591 litteras
666 1530 702 1589 ad
719 1528 877 1611 Sicyonios
894 1528 946 1588 ba-

265 1611 348 1684 bes,
374 1613 478 1673 advoia
499 1615 527 1671 in
550 1611 735 1671 Formianum
756 1630 766 1685 ;
795 1610 874 1671 unde
893 1631 949 1670 nos

267 1690 341 1770 prid.
364 1690 443 1753 Non.
464 1692 536 1751 Maii
557 1694 727 1773 cogitamus.

379 1798 539 1871 C'rcuao
566 1810 728 1870 Arrtco
755 1807 842 1869 Sar..

271 1948 316 2003 14.
326 1892 551 2013 Quantam
570 1945 601 1988 tu
619 1929 688 1989 mihi
708 1948 811 1988 moves
828 1928 947 2011 exspec-

266 2024 407 2071 tanonem
434 2011 470 2070 de
495 2010 626 2073 sermone
654 2008 781 2069 Bibuli?
812 2029 947 2089 quantam

243 2087 305 2148 'de
331 2093 479 2173 colloquio
503 2089 672 2163 pedatim?
701 2104 836 2169 quantam
860 2093 947 2152 etiarn

270 2170 308 2230 de
331 2171 382 2233 illo
413 2173 536 2233 delicato
564 2170 733 2230 convivio?
759 2171 884 2249 proinde
910 2172 950 2231 ita

269 2248 315 2311 fac
350 2257 450 2315 venias
483 2253 519 2312 ad
549 2250 676 2311 sitientes
705 2270 795 2309 aures.
830 2249 948 2329 Quam·

311 2326 361 2392 am¹
378 2334 449 2394 nihil
471 2332 512 2393 est
531 2327 610 2406 jam,
631 2330 710 2411 quod
731 2332 823 2411 magis
839 2336 949 2392 timen-

269 2352 339 2472 πω
357 2415 441 2474 nobis
467 2429 589 2493 putem,
619 2411 706 2491 quim
726 2431 763 2470 ne
783 2412 831 2473 iile
852 2410 953 2473 noster

268 2491 526 2575 Sampsiceramus,
542 2510 629 2569 quum
647 2490 676 2551 se
693 2495 824 2552 omnium
841 2491 955 2553 sermo·¹

268 2573 353 2635 nibus
368 2574 468 2637 sentiet
480 2571 636 2653 vapulare,
651 2572 682 2630 &
697 2593 785 2653 quum
796 2573 847 2633 has
864 2573 950 2633 afflo-

269 2673 321 2713 nes
352 2655 522 2731 tv’oeraipirriar
548 2650 686 2725 videbit,
714 2672 796 2712 ruere
824 2656 952 2735 incipiat.

269 2732 336 2816 Ego
359 2753 454 2794 autern
476 2731 564 2812 usque
586 2731 623 2788 eb
642 2732 701 2791 sum
724 2752 900 2808 enervatus,
919 2749 952 2794 ut

270 2814 328 2876 hoc
348 2817 431 2889 otio,
454 2835 512 2893 quo
534 2830 610 2870 nunc
631 2814 824 2885 tabescimus,
851 2814 952 2874 malim

270 2896 491 2975 drrvparrtYrdoet,
510 2891 597 2971 quam
619 2912 685 2951 cum
707 2897 816 2971 optima
836 2892 886 2975 spe
906 2893 951 2953 di·

270 2978 385 3036 micare.
410 2973 460 3035 De
486 2972 641 3057 pangendo
670 2974 749 3055 quod
772 2994 818 3036 me
845 2973 952 3038 crebro
