<?xml version="1.0" encoding="UTF-8"?>
<!DOCTYPE html PUBLIC "-//W3C//DTD XHTML 1.0 Transitional//EN"
    "http://www.w3.org/TR/xhtml1/DTD/xhtml1-transitional.dtd">
<html xmlns="http://www.w3.org/1999/xhtml" xml:lang="en" lang="en">
 <head>
  <title>
</title>
<meta http-equiv="Content-Type" content="text/html;charset=utf-8" />
  <meta name='ocr-system' content='tesseract 3.04.00' />
  <meta name='ocr-capabilities' content='ocr_page ocr_carea ocr_par ocr_line ocrx_word'/>
</head>
<body>
  <div class='ocr_page' id='page_1' title='image "./mtulliiciceroni03lallgoog_0510.png"; bbox 0 0 2117 3984; ppageno 0'>
   <div class='ocr_carea' id='block_1_1' title="bbox 264 464 836 542">
    <p class='ocr_par' dir='ltr' id='par_1_1' title="bbox 264 464 836 542">
     <span class='ocr_line' id='line_1_1' title="bbox 264 464 836 542; baseline 0.003 -23"><span class='ocrx_word' id='word_1_1' title='bbox 264 515 266 519; x_wconf 12' lang='grc' dir='ltr'><em>Α</em></span> <span class='ocrx_word' id='word_1_2' title='bbox 304 482 356 527; x_wconf 77' lang='lat' dir='ltr'>rr</span> <span class='ocrx_word' id='word_1_3' title='bbox 378 464 687 525; x_wconf 73' lang='lat' dir='ltr'>Connrornot.</span> <span class='ocrx_word' id='word_1_4' title='bbox 782 474 836 542; x_wconf 71' lang='lat'>507</span> 
     </span>
    </p>
   </div>
   <div class='ocr_carea' id='block_1_2' title="bbox 106 564 888 3051">
    <p class='ocr_par' dir='ltr' id='par_1_2' title="bbox 153 564 888 778">
     <span class='ocr_line' id='line_1_2' title="bbox 153 564 841 635; baseline -0.003 -17"><span class='ocrx_word' id='word_1_5' title='bbox 153 565 317 635; x_wconf 66' lang='lat' dir='ltr'>postulatura</span> <span class='ocrx_word' id='word_1_6' title='bbox 334 567 450 623; x_wconf 82' lang='lat' dir='ltr'>Milone,</span> <span class='ocrx_word' id='word_1_7' title='bbox 467 564 498 614; x_wconf 80' lang='lat' dir='ltr'>ad</span> <span class='ocrx_word' id='word_1_8' title='bbox 517 564 565 613; x_wconf 83' lang='lat' dir='ltr'>viru</span> <span class='ocrx_word' id='word_1_9' title='bbox 576 564 707 631; x_wconf 79' lang='lat' dir='ltr'>confugit,</span> <span class='ocrx_word' id='word_1_10' title='bbox 724 575 751 614; x_wconf 87' lang='lat' dir='ltr'>ut</span> <span class='ocrx_word' id='word_1_11' title='bbox 769 578 841 616; x_wconf 83' lang='lat' dir='ltr'>ante·</span> 
     </span>
     <span class='ocr_line' id='line_1_3' title="bbox 154 637 888 708; baseline -0.005 -18"><span class='ocrx_word' id='word_1_12' title='bbox 154 657 225 708; x_wconf 80' lang='lat' dir='ltr'>quain</span> <span class='ocrx_word' id='word_1_13' title='bbox 241 640 335 690; x_wconf 79' lang='lat' dir='ltr'>causum</span> <span class='ocrx_word' id='word_1_14' title='bbox 355 640 473 695; x_wconf 83' lang='lat' dir='ltr'>dicerer,</span> <span class='ocrx_word' id='word_1_15' title='bbox 495 637 571 688; x_wconf 82' lang='lat' dir='ltr'>aedilir</span> <span class='ocrx_word' id='word_1_16' title='bbox 591 650 741 698; x_wconf 79' lang='lat' dir='ltr'>crearetur,</span> <span class='ocrx_word' id='word_1_17' title='bbox 766 651 841 707; x_wconf 84' lang='lat' dir='ltr'>atque</span> <span class='ocrx_word' id='word_1_18' title='bbox 886 684 888 686; x_wconf 84' lang='lat'>.</span> 
     </span>
     <span class='ocr_line' id='line_1_4' title="bbox 153 709 494 778; baseline -0.018 -14"><span class='ocrx_word' id='word_1_19' title='bbox 153 714 217 764; x_wconf 78' lang='lat' dir='ltr'>adeo</span> <span class='ocrx_word' id='word_1_20' title='bbox 232 712 347 778; x_wconf 87' lang='lat' dir='ltr'>judicium</span> <span class='ocrx_word' id='word_1_21' title='bbox 366 709 494 777; x_wconf 80' lang='lat' dir='ltr'>effugeret.</span> 
     </span>
    </p>

    <p class='ocr_par' dir='ltr' id='par_1_3' title="bbox 152 777 841 987">
     <span class='ocr_line' id='line_1_5' title="bbox 191 777 839 847; baseline 0 -13"><span class='ocrx_word' id='word_1_22' title='bbox 191 786 254 835; x_wconf 90' lang='lat' dir='ltr'>lbid.</span> <span class='ocrx_word' id='word_1_23' title='bbox 274 800 318 847; x_wconf 90' lang='lat'>27.</span> <span class='ocrx_word' id='word_1_24' title='bbox 337 782 386 833; x_wconf 81' lang='lat' dir='ltr'>Sed</span> <span class='ocrx_word' id='word_1_25' title='bbox 400 798 477 832; x_wconf 80' lang='lat' dir='ltr'>tamen</span> <span class='ocrx_word' id='word_1_26' title='bbox 481 777 591 846; x_wconf 80' lang='lat' dir='ltr'>causam.</span> <span class='ocrx_word' id='word_1_27' title='bbox 609 779 638 829; x_wconf 91' lang='lat' dir='ltr'>ln</span> <span class='ocrx_word' id='word_1_28' title='bbox 655 796 702 846; x_wconf 79' lang='lat' dir='ltr'>qua</span> <span class='ocrx_word' id='word_1_29' title='bbox 720 781 769 847; x_wconf 86' lang='lat' dir='ltr'>scil</span> <span class='ocrx_word' id='word_1_30' title='bbox 788 801 839 836; x_wconf 85' lang='lat' dir='ltr'>uon</span> 
     </span>
     <span class='ocr_line' id='line_1_6' title="bbox 153 854 841 921; baseline 0.003 -14"><span class='ocrx_word' id='word_1_31' title='bbox 153 858 234 907; x_wconf 84' lang='lat' dir='ltr'>otnnis</span> <span class='ocrx_word' id='word_1_32' title='bbox 247 856 394 907; x_wconf 82' lang='lat' dir='ltr'>defensionis</span> <span class='ocrx_word' id='word_1_33' title='bbox 402 856 455 905; x_wconf 74' lang='lat' dir='ltr'>ansa</span> <span class='ocrx_word' id='word_1_34' title='bbox 466 854 659 921; x_wconf 74' lang='lat' dir='ltr'>praecideretur:</span> <span class='ocrx_word' id='word_1_35' title='bbox 668 866 766 920; x_wconf 80' lang='lat' dir='ltr'>poterat</span> <span class='ocrx_word' id='word_1_36' title='bbox 776 859 841 909; x_wconf 82' lang='lat' dir='ltr'>enirn</span> 
     </span>
     <span class='ocr_line' id='line_1_7' title="bbox 152 926 632 987; baseline -0.008 -7"><span class='ocrx_word' id='word_1_37' title='bbox 152 929 229 983; x_wconf 70' lang='lat' dir='ltr'>uinta</span> <span class='ocrx_word' id='word_1_38' title='bbox 239 930 265 979; x_wconf 86' lang='lat' dir='ltr'>se</span> <span class='ocrx_word' id='word_1_39' title='bbox 277 929 369 980; x_wconf 85' lang='lat' dir='ltr'>amoliri</span> <span class='ocrx_word' id='word_1_40' title='bbox 383 962 391 987; x_wconf 92' lang='lat'>,</span> <span class='ocrx_word' id='word_1_41' title='bbox 407 928 433 979; x_wconf 86' lang='lat' dir='ltr'>in</span> <span class='ocrx_word' id='word_1_42' title='bbox 442 929 504 979; x_wconf 81' lang='lat' dir='ltr'>aiios</span> <span class='ocrx_word' id='word_1_43' title='bbox 515 926 632 977; x_wconf 71' lang='lat' dir='ltr'>derivare.</span> 
     </span>
    </p>

    <p class='ocr_par' dir='ltr' id='par_1_4' title="bbox 148 1000 840 1272">
     <span class='ocr_line' id='line_1_8' title="bbox 193 1000 840 1070; baseline -0.002 -17"><span class='ocrx_word' id='word_1_44' title='bbox 193 1017 266 1067; x_wconf 88' lang='lat'>175,</span> <span class='ocrx_word' id='word_1_45' title='bbox 286 1017 312 1053; x_wconf 86' lang='lat'>2.</span> <span class='ocrx_word' id='word_1_46' title='bbox 331 1002 525 1070; x_wconf 78' lang='lat' dir='ltr'>Designrtorem.</span> <span class='ocrx_word' id='word_1_47' title='bbox 540 1000 719 1068; x_wconf 80' lang='lat' dir='ltr'>Designatotes</span> <span class='ocrx_word' id='word_1_48' title='bbox 730 1000 840 1053; x_wconf 79' lang='lat' dir='ltr'>diceban·</span> 
     </span>
     <span class='ocr_line' id='line_1_9' title="bbox 148 1073 839 1139; baseline -0.001 -14"><span class='ocrx_word' id='word_1_49' title='bbox 148 1081 194 1125; x_wconf 69' lang='lat' dir='ltr'>‘tut</span> <span class='ocrx_word' id='word_1_50' title='bbox 220 1087 345 1126; x_wconf 79' lang='lat' dir='ltr'>curatores</span> <span class='ocrx_word' id='word_1_51' title='bbox 371 1075 461 1125; x_wconf 83' lang='lat' dir='ltr'>ordinis</span> <span class='ocrx_word' id='word_1_52' title='bbox 488 1075 513 1125; x_wconf 77' lang='lat' dir='ltr'>dt</span> <span class='ocrx_word' id='word_1_53' title='bbox 536 1074 585 1123; x_wconf 87' lang='lat' dir='ltr'>loci</span> <span class='ocrx_word' id='word_1_54' title='bbox 606 1073 694 1139; x_wconf 87' lang='lat' dir='ltr'>cuique</span> <span class='ocrx_word' id='word_1_55' title='bbox 715 1073 740 1122; x_wconf 93' lang='lat' dir='ltr'>in</span> <span class='ocrx_word' id='word_1_56' title='bbox 756 1075 839 1136; x_wconf 83' lang='lat' dir='ltr'>ludis,</span> 
     </span>
     <span class='ocr_line' id='line_1_10' title="bbox 153 1146 840 1214; baseline -0.001 -16"><span class='ocrx_word' id='word_1_57' title='bbox 153 1146 318 1214; x_wconf 71' lang='lat' dir='ltr'>spetiaculis,</span> <span class='ocrx_word' id='word_1_58' title='bbox 340 1149 365 1199; x_wconf 83' lang='lat' dir='ltr'>io</span> <span class='ocrx_word' id='word_1_59' title='bbox 388 1164 476 1214; x_wconf 82' lang='lat' dir='ltr'>pompa</span> <span class='ocrx_word' id='word_1_60' title='bbox 494 1146 613 1206; x_wconf 83' lang='lat' dir='ltr'>funebri,</span> <span class='ocrx_word' id='word_1_61' title='bbox 632 1158 706 1214; x_wconf 76' lang='lat' dir='ltr'>etque</span> <span class='ocrx_word' id='word_1_62' title='bbox 725 1146 798 1197; x_wconf 80' lang='lat' dir='ltr'>etiam</span> <span class='ocrx_word' id='word_1_63' title='bbox 814 1148 840 1197; x_wconf 86' lang='lat' dir='ltr'>in</span> 
     </span>
     <span class='ocr_line' id='line_1_11' title="bbox 153 1222 335 1272; baseline -0.017 0"><span class='ocrx_word' id='word_1_64' title='bbox 153 1222 335 1272; x_wconf 81' lang='lat' dir='ltr'>certaminibus.</span> 
     </span>
    </p>

    <p class='ocr_par' dir='ltr' id='par_1_5' title="bbox 148 1288 841 1506">
     <span class='ocr_line' id='line_1_12' title="bbox 190 1288 841 1360; baseline 0 -17"><span class='ocrx_word' id='word_1_65' title='bbox 190 1292 251 1343; x_wconf 83' lang='lat' dir='ltr'>lbid</span> <span class='ocrx_word' id='word_1_66' title='bbox 276 1308 317 1357; x_wconf 88' lang='lat'>¹7</span> <span class='ocrx_word' id='word_1_67' title='bbox 333 1288 440 1358; x_wconf 72' lang='lat' dir='ltr'>Praesem</span> <span class='ocrx_word' id='word_1_68' title='bbox 458 1291 532 1341; x_wconf 80' lang='lat' dir='ltr'>trudi.</span> <span class='ocrx_word' id='word_1_69' title='bbox 550 1290 655 1343; x_wconf 83' lang='lat' dir='ltr'>Codices</span> <span class='ocrx_word' id='word_1_70' title='bbox 670 1292 761 1342; x_wconf 82' lang='lat' dir='ltr'>habent</span> <span class='ocrx_word' id='word_1_71' title='bbox 775 1310 841 1360; x_wconf 77' lang='lat' dir='ltr'>pm</span> 
     </span>
     <span class='ocr_line' id='line_1_13' title="bbox 148 1361 838 1470; baseline 0.001 -55"><span class='ocrx_word' id='word_1_72' title='bbox 148 1361 206 1431; x_wconf 76' lang='lat' dir='ltr'>sens</span> <span class='ocrx_word' id='word_1_73' title='bbox 223 1366 329 1416; x_wconf 75' lang='lat' dir='ltr'>rideri:</span> <span class='ocrx_word' id='word_1_74' title='bbox 354 1366 418 1416; x_wconf 90' lang='lat' dir='ltr'>unde</span> <span class='ocrx_word' id='word_1_75' title='bbox 444 1364 556 1419; x_wconf 66' lang='lat' dir='ltr'>Graevius</span> <span class='ocrx_word' id='word_1_76' title='bbox 584 1364 668 1416; x_wconf 84' lang='lat' dir='ltr'>censet</span> <span class='ocrx_word' id='word_1_77' title='bbox 690 1366 838 1470; x_wconf 82' lang='lat' dir='ltr'>legendum,</span> 
     </span>
     <span class='ocr_line' id='line_1_14' title="bbox 151 1435 363 1506; baseline 0 -19"><span class='ocrx_word' id='word_1_78' title='bbox 151 1435 252 1506; x_wconf 71' lang='lat' dir='ltr'>presens</span> <span class='ocrx_word' id='word_1_79' title='bbox 269 1438 363 1488; x_wconf 76' lang='lat' dir='ltr'>vadari.</span> 
     </span>
    </p>

    <p class='ocr_par' dir='ltr' id='par_1_6' title="bbox 153 1510 840 1653">
     <span class='ocr_line' id='line_1_15' title="bbox 191 1510 840 1577; baseline 0.003 -16"><span class='ocrx_word' id='word_1_80' title='bbox 191 1511 254 1562; x_wconf 89' lang='lat' dir='ltr'>lbid</span> <span class='ocrx_word' id='word_1_81' title='bbox 271 1512 313 1563; x_wconf 88' lang='lat'>28.</span> <span class='ocrx_word' id='word_1_82' title='bbox 336 1510 395 1561; x_wconf 82' lang='lat' dir='ltr'>In</span> <span class='ocrx_word' id='word_1_83' title='bbox 385 1510 529 1561; x_wconf 77' lang='lat' dir='ltr'>interiorem.</span> <span class='ocrx_word' id='word_1_84' title='bbox 548 1510 606 1562; x_wconf 83' lang='lat' dir='ltr'>Stil.</span> <span class='ocrx_word' id='word_1_85' title='bbox 621 1522 723 1577; x_wconf 85' lang='lat' dir='ltr'>partem.</span> <span class='ocrx_word' id='word_1_86' title='bbox 741 1510 791 1561; x_wconf 78' lang='lat' dir='ltr'>Atn</span> <span class='ocrx_word' id='word_1_87' title='bbox 802 1510 840 1563; x_wconf 86' lang='lat' dir='ltr'>le</span> 
     </span>
     <span class='ocr_line' id='line_1_16' title="bbox 153 1581 809 1653; baseline -0.002 -19"><span class='ocrx_word' id='word_1_88' title='bbox 153 1595 214 1653; x_wconf 84' lang='lat' dir='ltr'>guut</span> <span class='ocrx_word' id='word_1_89' title='bbox 230 1583 256 1635; x_wconf 87' lang='lat' dir='ltr'>in</span> <span class='ocrx_word' id='word_1_90' title='bbox 272 1584 396 1635; x_wconf 81' lang='lat' dir='ltr'>interiora.</span> <span class='ocrx_word' id='word_1_91' title='bbox 414 1584 487 1634; x_wconf 83' lang='lat' dir='ltr'>Sulla</span> <span class='ocrx_word' id='word_1_92' title='bbox 499 1581 551 1651; x_wconf 74' lang='lat' dir='ltr'>se,</span> <span class='ocrx_word' id='word_1_93' title='bbox 570 1601 659 1652; x_wconf 84' lang='lat' dir='ltr'>nempe</span> <span class='ocrx_word' id='word_1_94' title='bbox 678 1584 809 1634; x_wconf 80' lang='lat' dir='ltr'>excusavit.</span> 
     </span>
    </p>

    <p class='ocr_par' dir='ltr' id='par_1_7' title="bbox 106 1654 841 1872">
     <span class='ocr_line' id='line_1_17' title="bbox 194 1654 841 1725; baseline -0.002 -17"><span class='ocrx_word' id='word_1_95' title='bbox 194 1657 261 1720; x_wconf 81' lang='lat'>176,</span> <span class='ocrx_word' id='word_1_96' title='bbox 273 1658 438 1723; x_wconf 74' lang='lat' dir='ltr'>t.Adjuvante</span> <span class='ocrx_word' id='word_1_97' title='bbox 444 1658 534 1725; x_wconf 82' lang='lat' dir='ltr'>Appio.</span> <span class='ocrx_word' id='word_1_98' title='bbox 544 1656 595 1720; x_wconf 85' lang='lat' dir='ltr'>Qui</span> <span class='ocrx_word' id='word_1_99' title='bbox 608 1669 699 1724; x_wconf 70' lang='lat' dir='ltr'>pretor</span> <span class='ocrx_word' id='word_1_100' title='bbox 715 1656 738 1707; x_wconf 73' lang='grc' dir='ltr'>ἃ</span> <span class='ocrx_word' id='word_1_101' title='bbox 755 1654 841 1707; x_wconf 86' lang='lat' dir='ltr'>Clodii</span> 
     </span>
     <span class='ocr_line' id='line_1_18' title="bbox 153 1729 840 1799; baseline 0 -19"><span class='ocrx_word' id='word_1_102' title='bbox 153 1729 239 1798; x_wconf 84' lang='lat' dir='ltr'>frater.</span> <span class='ocrx_word' id='word_1_103' title='bbox 250 1731 307 1781; x_wconf 81' lang='lat' dir='ltr'>ltne</span> <span class='ocrx_word' id='word_1_104' title='bbox 322 1731 397 1799; x_wconf 83' lang='lat' dir='ltr'>regiis</span> <span class='ocrx_word' id='word_1_105' title='bbox 413 1731 537 1781; x_wconf 85' lang='lat' dir='ltr'>codicibus</span> <span class='ocrx_word' id='word_1_106' title='bbox 553 1731 615 1780; x_wconf 87' lang='lat' dir='ltr'>alter</span> <span class='ocrx_word' id='word_1_107' title='bbox 630 1763 637 1788; x_wconf 97' lang='lat'>,</span> <span class='ocrx_word' id='word_1_108' title='bbox 651 1743 678 1780; x_wconf 92' lang='lat' dir='ltr'>ut</span> <span class='ocrx_word' id='word_1_109' title='bbox 693 1730 771 1779; x_wconf 86' lang='lat' dir='ltr'>voluit</span> <span class='ocrx_word' id='word_1_110' title='bbox 785 1729 840 1780; x_wconf 81' lang='grc' dir='ltr'>Μι·</span> 
     </span>
     <span class='ocr_line' id='line_1_19' title="bbox 106 1799 840 1872; baseline 0.005 -23"><span class='ocrx_word' id='word_1_111' title='bbox 106 1860 108 1864; x_wconf 70' lang='lat'>,</span> <span class='ocrx_word' id='word_1_112' title='bbox 153 1802 245 1851; x_wconf 83' lang='lat' dir='ltr'>nutius.</span> <span class='ocrx_word' id='word_1_113' title='bbox 263 1804 383 1869; x_wconf 80' lang='lat' dir='ltr'>Vulgati,</span> <span class='ocrx_word' id='word_1_114' title='bbox 404 1804 496 1872; x_wconf 82' lang='lat' dir='ltr'>Oppio.</span> <span class='ocrx_word' id='word_1_115' title='bbox 513 1804 594 1852; x_wconf 82' lang='lat' dir='ltr'>Etiam</span> <span class='ocrx_word' id='word_1_116' title='bbox 611 1802 703 1851; x_wconf 73' lang='lat' dir='ltr'>hercule</span> <span class='ocrx_word' id='word_1_117' title='bbox 714 1799 840 1869; x_wconf 67' lang='lat' dir='ltr'>firmiliani</span> 
     </span>
    </p>

    <p class='ocr_par' dir='ltr' id='par_1_8' title="bbox 152 1872 839 2141">
     <span class='ocr_line' id='line_1_20' title="bbox 154 1872 839 1943; baseline 0.007 -22"><span class='ocrx_word' id='word_1_118' title='bbox 154 1888 205 1922; x_wconf 82' lang='lat' dir='ltr'>ruo</span> <span class='ocrx_word' id='word_1_119' title='bbox 223 1872 254 1921; x_wconf 81' lang='lat' dir='ltr'>Et</span> <span class='ocrx_word' id='word_1_120' title='bbox 269 1874 321 1923; x_wconf 86' lang='lat' dir='ltr'>haec</span> <span class='ocrx_word' id='word_1_121' title='bbox 338 1877 449 1926; x_wconf 84' lang='lat' dir='ltr'>videntur</span> <span class='ocrx_word' id='word_1_122' title='bbox 465 1876 526 1926; x_wconf 75' lang='lat' dir='ltr'>diua</span> <span class='ocrx_word' id='word_1_123' title='bbox 542 1876 573 1925; x_wconf 92' lang='lat' dir='ltr'>de</span> <span class='ocrx_word' id='word_1_124' title='bbox 585 1874 739 1933; x_wconf 85' lang='lat' dir='ltr'>Hortensio,</span> <span class='ocrx_word' id='word_1_125' title='bbox 757 1895 770 1927; x_wconf 81' lang='lat' dir='ltr'>a</span> <span class='ocrx_word' id='word_1_126' title='bbox 788 1893 839 1943; x_wconf 89' lang='lat' dir='ltr'>quo</span> 
     </span>
     <span class='ocr_line' id='line_1_21' title="bbox 153 1946 840 2013; baseline 0.006 -18"><span class='ocrx_word' id='word_1_127' title='bbox 153 1961 205 1995; x_wconf 90' lang='lat' dir='ltr'>non</span> <span class='ocrx_word' id='word_1_128' title='bbox 220 1946 312 2005; x_wconf 84' lang='lat' dir='ltr'>semel,</span> <span class='ocrx_word' id='word_1_129' title='bbox 332 1963 377 1996; x_wconf 90' lang='lat' dir='ltr'>nec</span> <span class='ocrx_word' id='word_1_130' title='bbox 392 1948 480 2001; x_wconf 75' lang='lat' dir='ltr'>merito</span> <span class='ocrx_word' id='word_1_131' title='bbox 496 1948 591 1999; x_wconf 84' lang='lat' dir='ltr'>fortalie</span> <span class='ocrx_word' id='word_1_132' title='bbox 608 1948 716 2013; x_wconf 86' lang='lat' dir='ltr'>queritur</span> <span class='ocrx_word' id='word_1_133' title='bbox 731 1949 755 1997; x_wconf 87' lang='lat' dir='ltr'>se</span> <span class='ocrx_word' id='word_1_134' title='bbox 772 1964 840 1999; x_wconf 83' lang='lat' dir='ltr'>trac·</span> 
     </span>
     <span class='ocr_line' id='line_1_22' title="bbox 153 2013 838 2090; baseline 0.006 -23"><span class='ocrx_word' id='word_1_135' title='bbox 153 2030 231 2068; x_wconf 85' lang='lat' dir='ltr'>tatum</span> <span class='ocrx_word' id='word_1_136' title='bbox 250 2013 452 2080; x_wconf 69' lang='lat' dir='ltr'>effeinsidiosd,</span> <span class='ocrx_word' id='word_1_137' title='bbox 474 2021 616 2090; x_wconf 86' lang='lat' dir='ltr'>&amp;quidem</span> <span class='ocrx_word' id='word_1_138' title='bbox 635 2020 723 2071; x_wconf 68' lang='lat' dir='ltr'>summi</span> <span class='ocrx_word' id='word_1_139' title='bbox 740 2021 838 2071; x_wconf 76' lang='lat' dir='ltr'>simula·</span> 
     </span>
     <span class='ocr_line' id='line_1_23' title="bbox 152 2089 340 2141; baseline -0.006 0"><span class='ocrx_word' id='word_1_140' title='bbox 152 2089 222 2141; x_wconf 87' lang='lat' dir='ltr'>tione</span> <span class='ocrx_word' id='word_1_141' title='bbox 241 2090 340 2140; x_wconf 82' lang='lat' dir='ltr'>amoris.</span> 
     </span>
    </p>

    <p class='ocr_par' dir='ltr' id='par_1_9' title="bbox 191 2159 837 2231">
     <span class='ocr_line' id='line_1_24' title="bbox 191 2159 837 2231; baseline 0.006 -18"><span class='ocrx_word' id='word_1_142' title='bbox 191 2163 288 2227; x_wconf 88' lang='lat' dir='ltr'>lbid9</span> <span class='ocrx_word' id='word_1_143' title='bbox 293 2159 471 2231; x_wconf 69' lang='lat' dir='ltr'>,Proscriprin</span> <span class='ocrx_word' id='word_1_144' title='bbox 493 2167 552 2217; x_wconf 84' lang='lat' dir='ltr'>Nun</span> <span class='ocrx_word' id='word_1_145' title='bbox 567 2165 746 2223; x_wconf 83' lang='lat' dir='ltr'>Marcellinus,</span> <span class='ocrx_word' id='word_1_146' title='bbox 766 2162 837 2230; x_wconf 82' lang='lat' dir='ltr'>cujus</span> 
     </span>
    </p>

    <p class='ocr_par' dir='ltr' id='par_1_10' title="bbox 129 2177 837 2449">
     <span class='ocr_line' id='line_1_25' title="bbox 129 2177 837 2304; baseline 0.004 -17"><span class='ocrx_word' id='word_1_147' title='bbox 129 2269 133 2277; x_wconf 84' lang='lat'>·</span> <span class='ocrx_word' id='word_1_148' title='bbox 153 2252 205 2287; x_wconf 91' lang='lat' dir='ltr'>non</span> <span class='ocrx_word' id='word_1_149' title='bbox 223 2177 288 2287; x_wconf 77' lang='lat' dir='ltr'>erat9</span> <span class='ocrx_word' id='word_1_150' title='bbox 295 2252 323 2285; x_wconf 86' lang='lat' dir='ltr'>ea</span> <span class='ocrx_word' id='word_1_151' title='bbox 346 2235 471 2301; x_wconf 81' lang='lat' dir='ltr'>potestas,</span> <span class='ocrx_word' id='word_1_152' title='bbox 490 2255 562 2304; x_wconf 88' lang='lat' dir='ltr'>quum</span> <span class='ocrx_word' id='word_1_153' title='bbox 580 2239 639 2290; x_wconf 83' lang='lat' dir='ltr'>ellet</span> <span class='ocrx_word' id='word_1_154' title='bbox 658 2236 747 2289; x_wconf 82' lang='lat' dir='ltr'>tannim</span> <span class='ocrx_word' id='word_1_155' title='bbox 770 2238 837 2289; x_wconf 82' lang='lat' dir='ltr'>desi·</span> 
     </span>
     <span class='ocr_line' id='line_1_26' title="bbox 153 2307 833 2379; baseline 0.003 -20"><span class='ocrx_word' id='word_1_156' title='bbox 153 2322 241 2377; x_wconf 77' lang='lat' dir='ltr'>gnatus</span> <span class='ocrx_word' id='word_1_157' title='bbox 256 2309 339 2360; x_wconf 89' lang='lat' dir='ltr'>consul</span> <span class='ocrx_word' id='word_1_158' title='bbox 350 2342 357 2367; x_wconf 97' lang='lat'>,</span> <span class='ocrx_word' id='word_1_159' title='bbox 368 2307 408 2358; x_wconf 87' lang='lat' dir='ltr'>sed</span> <span class='ocrx_word' id='word_1_160' title='bbox 422 2320 463 2358; x_wconf 83' lang='lat' dir='ltr'>aut</span> <span class='ocrx_word' id='word_1_161' title='bbox 473 2309 570 2363; x_wconf 75' lang='lat' dir='ltr'>Sextius</span> <span class='ocrx_word' id='word_1_162' title='bbox 581 2346 590 2370; x_wconf 89' lang='lat'>,</span> <span class='ocrx_word' id='word_1_163' title='bbox 602 2325 643 2363; x_wconf 82' lang='lat' dir='ltr'>aut</span> <span class='ocrx_word' id='word_1_164' title='bbox 659 2309 740 2379; x_wconf 83' lang='lat' dir='ltr'>potiris</span> <span class='ocrx_word' id='word_1_165' title='bbox 752 2311 833 2370; x_wconf 90' lang='lat' dir='ltr'>Milo,</span> 
     </span>
     <span class='ocr_line' id='line_1_27' title="bbox 154 2380 402 2449; baseline -0.012 -16"><span class='ocrx_word' id='word_1_166' title='bbox 154 2383 196 2449; x_wconf 89' lang='lat' dir='ltr'>qui</span> <span class='ocrx_word' id='word_1_167' title='bbox 212 2382 302 2433; x_wconf 83' lang='lat' dir='ltr'>tribuni</span> <span class='ocrx_word' id='word_1_168' title='bbox 315 2380 402 2449; x_wconf 85' lang='lat' dir='ltr'>plebis.</span> 
     </span>
    </p>

    <p class='ocr_par' dir='ltr' id='par_1_11' title="bbox 154 2451 835 2597">
     <span class='ocr_line' id='line_1_28' title="bbox 191 2451 835 2525; baseline 0.003 -20"><span class='ocrx_word' id='word_1_169' title='bbox 191 2456 254 2506; x_wconf 92' lang='lat' dir='ltr'>lbid.</span> <span class='ocrx_word' id='word_1_170' title='bbox 274 2472 317 2506; x_wconf 88' lang='lat'>20.</span> <span class='ocrx_word' id='word_1_171' title='bbox 340 2454 449 2505; x_wconf 82' lang='lat' dir='ltr'>Fratrum</span> <span class='ocrx_word' id='word_1_172' title='bbox 466 2451 545 2505; x_wconf 80' lang='lat' dir='ltr'>trium.</span> <span class='ocrx_word' id='word_1_173' title='bbox 569 2456 668 2519; x_wconf 85' lang='lat' dir='ltr'>Clodii,</span> <span class='ocrx_word' id='word_1_174' title='bbox 688 2457 787 2525; x_wconf 76' lang='lat' dir='ltr'>Appii,</span> <span class='ocrx_word' id='word_1_175' title='bbox 809 2455 835 2507; x_wconf 78' lang='lat' dir='ltr'>dt</span> 
     </span>
     <span class='ocr_line' id='line_1_29' title="bbox 154 2526 662 2597; baseline 0 -18"><span class='ocrx_word' id='word_1_176' title='bbox 154 2526 270 2588; x_wconf 86' lang='lat' dir='ltr'>Metelli,</span> <span class='ocrx_word' id='word_1_177' title='bbox 289 2528 330 2597; x_wconf 87' lang='lat' dir='ltr'>qui</span> <span class='ocrx_word' id='word_1_178' title='bbox 344 2528 430 2579; x_wconf 84' lang='lat' dir='ltr'>horum</span> <span class='ocrx_word' id='word_1_179' title='bbox 447 2528 523 2578; x_wconf 81' lang='lat' dir='ltr'>frater</span> <span class='ocrx_word' id='word_1_180' title='bbox 539 2530 662 2593; x_wconf 76' lang='lat' dir='ltr'>patruelis,</span> 
     </span>
    </p>

    <p class='ocr_par' dir='ltr' id='par_1_12' title="bbox 153 2599 878 2871">
     <span class='ocr_line' id='line_1_30' title="bbox 194 2599 878 2667; baseline 0.001 -15"><span class='ocrx_word' id='word_1_181' title='bbox 194 2616 244 2667; x_wconf 88' lang='lat'>177</span> <span class='ocrx_word' id='word_1_182' title='bbox 264 2635 272 2661; x_wconf 87' lang='lat'>,</span> <span class='ocrx_word' id='word_1_183' title='bbox 297 2602 324 2653; x_wconf 92' lang='grc'>6.</span> <span class='ocrx_word' id='word_1_184' title='bbox 347 2601 434 2652; x_wconf 81' lang='lat' dir='ltr'>Paucis</span> <span class='ocrx_word' id='word_1_185' title='bbox 454 2599 569 2667; x_wconf 74' lang='lat' dir='ltr'>pannosis</span> <span class='ocrx_word' id='word_1_186' title='bbox 591 2600 657 2650; x_wconf 71' lang='lat' dir='ltr'>linea</span> <span class='ocrx_word' id='word_1_187' title='bbox 675 2601 778 2654; x_wconf 73' lang='lat' dir='ltr'>laterad-</span> <span class='ocrx_word' id='word_1_188' title='bbox 799 2603 837 2653; x_wconf 79' lang='lat' dir='ltr'>lta</span> <span class='ocrx_word' id='word_1_189' title='bbox 875 2659 878 2664; x_wconf 53' lang='grc'><em>,</em></span> 
     </span>
     <span class='ocr_line' id='line_1_31' title="bbox 153 2672 838 2741; baseline 0.003 -16"><span class='ocrx_word' id='word_1_190' title='bbox 153 2674 219 2726; x_wconf 72' lang='lat' dir='ltr'>teile</span> <span class='ocrx_word' id='word_1_191' title='bbox 238 2675 323 2727; x_wconf 82' lang='lat' dir='ltr'>Bosius</span> <span class='ocrx_word' id='word_1_192' title='bbox 347 2693 361 2725; x_wconf 91' lang='lat' dir='ltr'>e</span> <span class='ocrx_word' id='word_1_193' title='bbox 386 2675 432 2741; x_wconf 83' lang='lat' dir='ltr'>suis</span> <span class='ocrx_word' id='word_1_194' title='bbox 455 2672 505 2723; x_wconf 82' lang='lat' dir='ltr'>mil.</span> <span class='ocrx_word' id='word_1_195' title='bbox 528 2691 544 2722; x_wconf 84' lang='lat' dir='ltr'>a</span> <span class='ocrx_word' id='word_1_196' title='bbox 566 2673 650 2739; x_wconf 87' lang='lat' dir='ltr'>quibus</span> <span class='ocrx_word' id='word_1_197' title='bbox 674 2690 723 2724; x_wconf 90' lang='lat' dir='ltr'>non</span> <span class='ocrx_word' id='word_1_198' title='bbox 738 2676 838 2727; x_wconf 83' lang='lat' dir='ltr'>inultum</span> 
     </span>
     <span class='ocr_line' id='line_1_32' title="bbox 153 2745 839 2816; baseline 0.001 -18"><span class='ocrx_word' id='word_1_199' title='bbox 153 2748 204 2798; x_wconf 84' lang='lat' dir='ltr'>abit</span> <span class='ocrx_word' id='word_1_200' title='bbox 216 2748 278 2797; x_wconf 83' lang='lat' dir='ltr'>alter</span> <span class='ocrx_word' id='word_1_201' title='bbox 294 2765 309 2796; x_wconf 85' lang='lat' dir='ltr'>e</span> <span class='ocrx_word' id='word_1_202' title='bbox 325 2749 418 2815; x_wconf 83' lang='lat' dir='ltr'>regiis,</span> <span class='ocrx_word' id='word_1_203' title='bbox 433 2748 458 2798; x_wconf 91' lang='lat' dir='ltr'>in</span> <span class='ocrx_word' id='word_1_204' title='bbox 475 2763 524 2816; x_wconf 87' lang='lat' dir='ltr'>quo</span> <span class='ocrx_word' id='word_1_205' title='bbox 542 2745 669 2805; x_wconf 81' lang='lat' dir='ltr'>scribitur,</span> <span class='ocrx_word' id='word_1_206' title='bbox 681 2748 763 2815; x_wconf 78' lang='lat' dir='ltr'>paucis</span> <span class='ocrx_word' id='word_1_207' title='bbox 775 2767 839 2816; x_wconf 79' lang='lat' dir='ltr'>pan·</span> 
     </span>
     <span class='ocr_line' id='line_1_33' title="bbox 153 2819 422 2871; baseline -0.011 1"><span class='ocrx_word' id='word_1_208' title='bbox 153 2820 207 2871; x_wconf 82' lang='lat' dir='ltr'>nori</span> <span class='ocrx_word' id='word_1_209' title='bbox 220 2821 270 2871; x_wconf 82' lang='lat' dir='ltr'>sine</span> <span class='ocrx_word' id='word_1_210' title='bbox 286 2837 303 2867; x_wconf 83' lang='lat' dir='ltr'><em>a</em></span> <span class='ocrx_word' id='word_1_211' title='bbox 319 2819 422 2869; x_wconf 73' lang='lat' dir='ltr'>laterna.</span> 
     </span>
    </p>

    <p class='ocr_par' dir='ltr' id='par_1_13' title="bbox 155 2889 839 3051">
     <span class='ocr_line' id='line_1_34' title="bbox 191 2889 839 2958; baseline 0.003 -15"><span class='ocrx_word' id='word_1_212' title='bbox 191 2894 254 2945; x_wconf 87' lang='lat' dir='ltr'>lbid.</span> <span class='ocrx_word' id='word_1_213' title='bbox 276 2908 319 2953; x_wconf 83' lang='lat'>²4</span> <span class='ocrx_word' id='word_1_214' title='bbox 338 2889 522 2958; x_wconf 68' lang='lat' dir='ltr'>Respondemus.</span> <span class='ocrx_word' id='word_1_215' title='bbox 544 2891 702 2958; x_wconf 87' lang='lat' dir='ltr'>Respondete</span> <span class='ocrx_word' id='word_1_216' title='bbox 725 2892 839 2945; x_wconf 88' lang='lat' dir='ltr'>dicuntur</span> 
     </span>
     <span class='ocr_line' id='line_1_35' title="bbox 155 2955 606 3051; baseline 0 -36"><span class='ocrx_word' id='word_1_217' title='bbox 155 2955 300 3023; x_wconf 81' lang='lat' dir='ltr'>debitores,</span> <span class='ocrx_word' id='word_1_218' title='bbox 317 2982 358 3032; x_wconf 83' lang='lat' dir='ltr'>qui</span> <span class='ocrx_word' id='word_1_219' title='bbox 349 2964 404 3013; x_wconf 88' lang='lat' dir='ltr'>ad</span> <span class='ocrx_word' id='word_1_220' title='bbox 422 2965 485 3014; x_wconf 88' lang='lat' dir='ltr'>diem</span> <span class='ocrx_word' id='word_1_221' title='bbox 501 2964 606 3051; x_wconf 52' lang='lat' dir='ltr'>solvunt.</span> 
     </span>
    </p>
   </div>
   <div class='ocr_carea' id='block_1_3' title="bbox 192 3036 834 3176">
    <p class='ocr_par' dir='ltr' id='par_1_14' title="bbox 192 3036 834 3176">
     <span class='ocr_line' id='line_1_36' title="bbox 192 3036 834 3107; baseline 0.002 -16"><span class='ocrx_word' id='word_1_222' title='bbox 192 3038 324 3105; x_wconf 77' lang='lat'>178,14.</span> <span class='ocrx_word' id='word_1_223' title='bbox 341 3037 377 3088; x_wconf 81' lang='lat' dir='ltr'>Et</span> <span class='ocrx_word' id='word_1_224' title='bbox 391 3036 461 3089; x_wconf 78' lang='lat' dir='ltr'>eelim</span> <span class='ocrx_word' id='word_1_225' title='bbox 479 3037 535 3102; x_wconf 73' lang='lat' dir='ltr'>midi</span> <span class='ocrx_word' id='word_1_226' title='bbox 551 3053 652 3091; x_wconf 71' lang='lat' dir='ltr'>mutar</span> <span class='ocrx_word' id='word_1_227' title='bbox 660 3038 697 3089; x_wconf 86' lang='lat' dir='ltr'>lta</span> <span class='ocrx_word' id='word_1_228' title='bbox 714 3037 774 3107; x_wconf 79' lang='lat' dir='ltr'>regit</span> <span class='ocrx_word' id='word_1_229' title='bbox 789 3045 834 3091; x_wconf 81' lang='lat' dir='ltr'>c‘o·</span> 
     </span>
     <span class='ocr_line' id='line_1_37' title="bbox 218 3106 768 3176; baseline -0.004 -13"><span class='ocrx_word' id='word_1_230' title='bbox 218 3108 302 3163; x_wconf 67' lang='lat' dir='ltr'>Tamus</span> <span class='ocrx_word' id='word_1_231' title='bbox 319 3108 402 3165; x_wconf 81' lang='lat' dir='ltr'><em>XIII</em></span> <span class='ocrx_word' id='word_1_232' title='bbox 472 3107 489 3141; x_wconf 89' lang='lat'>·&#39;</span> <span class='ocrx_word' id='word_1_233' title='bbox 665 3106 768 3176; x_wconf 28' lang='grc' dir='ltr'>ι’Υ,</span> 
     </span>
    </p>
   </div>
   <div class='ocr_carea' id='block_1_4' title="bbox 0 0 1064 3984">
    <p class='ocr_par' dir='ltr' id='par_1_15' title="bbox 0 0 1064 3984">
     <span class='ocr_line' id='line_1_38' title="bbox 0 0 1064 3984; baseline 0 0"><span class='ocrx_word' id='word_1_234' title='bbox 0 0 1064 3984; x_wconf 95' lang='lat' dir='ltr'> </span> 
     </span>
    </p>
   </div>
  </div>
 </body>
</html>
