2117 3984
88 277 156 317 uoia
177 278 244 318 mea
256 277 311 316 ruit
329 277 449 338 praeno,
466 276 552 318 natau
570 276 620 318 luo

88 387 91 404 ,
114 339 167 420 qui
188 337 252 396 casu
277 337 357 398 idem
382 339 480 398 natalis
501 357 564 400 erat
589 340 621 400 ὃ(

89 439 114 478 ae
135 416 281 490 colonie,
299 417 331 478 &
351 436 407 477 tuae
424 421 525 479 vicinae
537 417 620 480 Salu-

96 517 144 559 res
162 496 358 559 animadversa
374 521 390 557 a
412 499 620 575 multitudine,

91 579 306 640 rundisinorum
330 580 517 660 gratulatione
541 582 622 642 cele-

110 657 193 722 Ante
211 659 289 720 diem
308 677 346 718 vl
361 658 404 718 ld.
423 659 502 720 Sext.
513 682 627 741 cogno·

89 760 100 800 ι
111 739 259 802 Brundisii
279 737 388 812 essem,
406 740 505 801 litteris
518 742 625 820 Quinti

89 818 195 883 airifico
204 819 296 882 lludio
311 823 441 881 omnium
455 837 572 882 aetatum
586 840 628 881 at-

89 921 169 976 lum,
187 901 345 962 incredibili
360 901 498 962 concursu
513 901 602 962 Italiae
617 948 627 978 ,

89 984 183 1044 mitiis
200 985 362 1046 centuriatis
379 982 435 1042 esse
457 984 622 1064 perlatam:

91 1063 247 1126 tundisinis
264 1061 466 1124 honestissimis
486 1083 624 1139 ornatus,

89 1145 154 1218 eci,
174 1163 206 1206 ut
224 1145 353 1225 undique
366 1144 403 1203 ad
419 1165 467 1205 me
481 1166 547 1204 cum
564 1169 628 1228 gra-

101 1227 189 1308 legati
200 1227 400 1286 convenerint.
413 1225 462 1285 Ad
475 1227 577 1286 urbem
589 1229 628 1286 ita

108 1327 198 1368 nemo
224 1306 306 1366 ullius
332 1306 440 1366 ordinis
460 1306 550 1365 homo
571 1329 629 1366 no-

89 1389 120 1446 n'a
132 1406 220 1448 notus
239 1386 345 1460 fuerit,
364 1389 413 1466 qui
427 1387 497 1444 mihi
511 1387 630 1445 obviam

89 1467 156 1541 nit,
176 1486 280 1548 prater
295 1487 347 1528 eos
359 1470 513 1539 inimicos,
527 1467 632 1547 quibus

106 1569 168 1609 uon
185 1549 285 1608 liceret
306 1564 355 1607 aut
374 1547 571 1620 dissimulare,
585 1562 634 1607 aut

89 1625 190 1708 Quum
199 1626 337 1688 venissem
354 1629 391 1688 ad
409 1647 522 1708 portam
535 1627 635 1709 Cape-

90 1708 162 1771 adus
182 1709 359 1788 templorum
377 1708 413 1767 ab
432 1706 531 1768 infima
546 1709 633 1788 plebe

99 1807 198 1862 erant3
207 1811 224 1849 a
233 1812 289 1870 qua
298 1789 394 1870 plausu
404 1792 530 1849 maximo
542 1811 632 1870 quum

90 1871 109 1930 li
126 1870 277 1952 gratulatio
297 1868 467 1952 significata,
483 1873 582 1932 similis
601 1873 633 1932 ὃ(

90 1954 136 2024 ia,
152 1951 185 2010 &
202 1950 313 2029 plausus
334 1971 381 2012 me
407 1952 495 2027 usque
514 1952 551 2010 ad
574 1950 635 2012 Ca-
