2117 3984
277 465 346 533 144
461 439 765 507 Extsronns
963 258 984 524 dt

270 577 305 618 ea
321 561 344 615 si
355 555 404 636 qui
418 552 495 614 casus
507 555 603 635 aliqua
612 572 648 613 ex
665 567 745 631 parte
760 549 946 624 correxerint}
967 543 984 622 ἰ

271 640 366 696 minius
382 633 503 695 moleste
517 634 643 694 feremus
661 652 715 690 nos
724 627 845 705 vixisse,
863 631 895 690 &
905 631 949 690 ad·
969 637 984 718 ᾖ

269 718 325 776 huc
336 718 446 776 vivere.
462 712 526 796 Ego
542 729 661 794 propter
669 714 724 771 viae
736 711 946 786 celebritatem,
969 723 984 784 ἰ

148 866 150 870 ,
273 798 306 856 &
322 796 519 876 quotidianam
531 793 775 874 exspedationem
787 811 884 852 remm
900 799 948 850 no·¹

271 897 392 950 varum,
410 898 469 934 non
485 876 633 935 commovi
655 892 702 933 me
725 872 819 933 adhuc
837 868 948 932 Theffa-

272 957 370 1017 lonicd
385 978 392 1015 ε
411 956 460 1016 sed
475 953 534 1034 jam
550 953 749 1025 extrudimur,
766 973 828 1013 non
842 949 948 1012 aPlan·

270 1040 318 1097 cio
339 1037 431 1116 (nam
453 1039 476 1094 is
495 1034 612 1114 quidem
632 1032 765 1172 retinetg
789 1034 897 1094 veritm
916 1029 947 1092 ab

271 1117 333 1197 ipso
345 1119 429 1189 loco,
443 1117 562 1174 minime
573 1117 708 1195 apposito
723 1134 740 1172 a
775 1113 947 1174 tolerandam
970 1131 984 1208 p

270 1200 391 1257 intanto
400 1195 475 1255 ludu
485 1190 860 1273 calamitatemlnEpirum
870 1193 945 1288 idm!
975 1215 984 1272 ς

270 1294 304 1338 ut
321 1276 504 1357 scripseram,
515 1296 575 1335 non
585 1277 673 1346 veni,
688 1274 769 1354 quod
782 1272 947 1336 subtranit:
981 1303 984 1330 =

271 1359 398 1418 universi
415 1358 506 1416 nuntii
526 1372 665 1415 venerant
683 1355 713 1413 &
728 1353 851 1427 litterae,
867 1369 947 1436 quare¹
976 1367 984 1408 ε

271 1438 342 1497 nihil
361 1435 429 1498 esset
447 1434 558 1497 necesse
582 1434 669 1515 quim
691 1435 825 1514 proxime
843 1431 947 1494 ltaliam
967 1443 971 1456 ²

271 1517 338 1579 esse.
360 1518 461 1589 Hinc,
479 1518 504 1575 si
523 1516 630 1596 aliquid
651 1536 667 1573 a
684 1515 809 1573 comitiis
826 1513 946 1574 audieri-

271 1619 335 1658 mus
347 1643 356 1671 ‚
370 1619 423 1658 nos
444 1600 473 1655 in
487 1596 588 1657 Asiam
606 1611 810 1655 convertemus
830 1614 839 1654 ι
857 1609 945 1688 neque
967 1657 969 1664 ,

271 1679 364 1737 adhuc
384 1677 489 1749 stabat,
509 1677 569 1756 qud
587 1677 768 1756 potissimum
783 1672 857 1736 :sed
873 1673 946 1736 setes.

271 1756 343 1821 Dat.
357 1775 406 1818 xu
423 1757 488 1816 Kal.
504 1755 585 1816 Sext.
603 1753 824 1815 Thessalonica.
889 1781 892 1786 ⁴
969 1755 973 1762 '

383 1871 543 1936 thaao
572 1874 737 1937 Artrco
766 1874 872 1944 Sat..
972 1869 984 1944 3

272 1956 371 2077 ΜΩ
383 2015 405 2057 υ
415 2015 467 2058 on
488 1998 524 2057 ad
536 2016 565 2061 te
577 1998 740 2079 scripseram
755 2017 804 2058 me
823 2000 854 2058 in
864 1997 946 2080 Epiro

269 2077 397 2137 futurum
425 2099 432 2138 ε
457 2079 557 2160 possea
585 2081 672 2162 quim
697 2081 848 2140 extenuari
873 2079 946 2161 spem

269 2157 413 2232 nostram,
428 2158 458 2218 &
476 2160 644 2220 evanescere
663 2161 744 2232 vidi,
759 2164 871 2220 mutavi
883 2182 947 2222 con·

267 2239 362 2301 silium
379 2259 388 2311 3
407 2260 462 2300 nec
487 2262 535 2301 me
554 2239 754 2300 Theffalonicd
772 2243 945 2316 commovi,

268 2319 319 2381 ubi
338 2318 394 2380 effe
410 2318 559 2380 statueram
578 2365 586 2393 ‚
603 2322 698 2400 quoad
716 2320 824 2399 aliquid
847 2321 885 2381 ad
903 2339 946 2382 me

267 2400 306 2459 de
333 2420 370 2459 eo
399 2399 552 2471 scriberes,
574 2401 653 2480 quod
681 2403 821 2479 proximis
850 2402 946 2462 litteris
978 2447 984 2458 .

265 2479 438 2558 scripseras,
453 2479 516 2541 fore
538 2483 578 2539 uti
596 2480 752 2541 secundum
770 2483 890 2542 comitia
903 2481 948 2542 ali·
981 2533 984 2538 .

265 2560 338 2697 guid
356 2560 392 2619 de
411 2561 496 2618 nobis
514 2563 543 2618 in
560 2559 657 2621 senatu
678 2576 835 2643 ageretur3
853 2562 883 2622 id
898 2562 947 2621 tibi
979 2553 984 2646 p*

266 2638 717 2803 rsstffusbsssssnflsqsi
734 2660 947 2783 ‘stiffi
982 2669 984 2800 J

266 2797 362 2858 scribis
379 2817 389 2869 3
410 2799 531 2878 proinde
550 2801 684 2875 habebo,
702 2822 736 2861 ac
754 2804 777 2860 si
798 2800 947 2883 scripsisset

260 2878 337 2939 nihil
353 2876 432 2951 esse3
452 2900 547 2960 neque
563 2885 704 2960 temporis
722 2903 782 2941 non
799 2882 947 2966 longinqui
981 2883 984 2894 “

262 2958 315 3042 spe
326 2958 442 3024 dudum
460 2960 515 3025 esse
527 2959 646 3027 moleste
666 2962 767 3029 seram.
781 2962 885 3046 Quem
895 2985 948 3024 au·

888 3062 947 3106 rem
