2117 3984
185 494 255 571 452
372 471 678 538 Enrsrorn

183 608 236 648 nos
249 584 391 646 scribendi
401 582 464 645 fieri
475 601 590 662 tempus
603 579 681 642 esse:
696 579 747 643 sed
758 624 768 655 ,
779 601 857 663 quum
903 604 907 636 ι

182 667 220 726 ad
238 686 287 727 me
305 665 381 745 saepe
399 685 465 725 mea
480 662 576 724 Tullia
591 660 701 722 scribat
714 706 725 735 ,
739 684 818 724 orans
832 683 859 726 ur
903 685 907 742 ξ

194 745 253 805 'uid
273 748 304 805 in
323 744 462 825 Hispania
487 760 600 824 geratur
623 741 809 822 exspesien,
830 744 861 804 &
904 792 907 801 .

182 767 299 904 semper
319 826 455 886 adscribat
475 823 555 883 idem
575 822 671 883 videri
693 822 859 904 tibi,idque
898 825 907 883 i

182 905 244 985 ipse
267 908 353 966 etiam
374 926 410 965 ex
434 905 489 965 tuis
514 905 616 963 litteris
644 904 859 975 intellexerim,
905 929 907 960 ι

186 1007 246 1045 non
268 1003 339 1066 puto
359 983 415 1046 esse
438 986 588 1057 alienum,
606 1003 656 1043 me
678 984 719 1043 ad
737 983 865 1124 tam

187 1065 225 1125 de
238 1086 274 1126 ea
283 1085 313 1126 re
323 1064 458 1136 sentiam,
470 1062 602 1124 scribere.
618 1061 789 1124 Consilium
801 1066 807 1078 '

185 1163 253 1205 tunc
280 1141 349 1205 esset
369 1145 522 1225 prudens,
546 1160 578 1202 ut
598 1143 670 1201 mihi
694 1144 869 1216 viderur,si

186 1222 295 1284 nostras
318 1227 444 1285 rationes
465 1225 503 1283 ad
527 1222 752 1302 Hispaniensem
778 1223 869 1284 casum

186 1304 434 1365 accommodaturi
452 1302 593 1375 effemus3
612 1303 697 1383 quod
716 1302 780 1364 fieri
800 1304 869 1364 dici-

186 1386 226 1444 tis
240 1403 393 1463 oportere:
404 1382 515 1446 necesse
527 1381 568 1444 est
577 1385 733 1457 enimam,
747 1384 778 1444 id
793 1383 869 1464 quod

186 1464 313 1524 maxime
330 1466 444 1536 velim,
465 1464 534 1544 pelli
551 1461 633 1522 istum
651 1463 690 1522 ab
712 1463 870 1544 Hispania

185 1561 235 1604 aut
253 1545 327 1604 trahi
345 1546 376 1604 id
391 1545 520 1616 bellum3
541 1560 589 1604 aut
605 1540 715 1619 istum,
733 1564 789 1620 ut,
806 1565 868 1606 rone

185 1621 277 1684 fidere
300 1625 442 1698 viderur,
467 1623 686 1704 apprehendere
712 1624 870 1706 Hispanias.

186 1701 218 1763 si
237 1705 379 1782 pelletur,
398 1705 485 1785 quam
523 1722 621 1778 ratus,
637 1719 687 1764 aut
706 1705 797 1785 quam
812 1706 867 1766 ho-

184 1782 281 1843 nestus
300 1801 363 1843 tum
385 1787 439 1845 erit
460 1785 497 1842 ad
537 1786 686 1863 ompeium
705 1784 804 1846 noster
818 1786 866 1846 ad·

183 1880 315 1935 ventus;
344 1885 433 1943 quum
452 1862 544 1942 ipsum
563 1863 726 1926 Curionem
746 1866 867 1926 adeum

183 1944 365 2007 transiturum
387 1960 487 2022 putem
510 1944 522 2003 ὲ
546 1947 570 2003 si
594 1945 713 2006 trahitur
734 1945 866 2020 Bellum,

186 2022 258 2104 quid
277 2021 439 2103 exspesiem
458 2069 469 2098 ,
490 2042 537 2084 aur
555 2026 643 2106 quam
666 2024 738 2086 diu?
763 2023 867 2086 Relin-

186 2105 303 2184 quitur,
322 2121 353 2164 ut
369 2107 393 2164 si
408 2107 548 2167 vincimur
561 2108 592 2166 in
604 2106 745 2187 Hispania
751 2109 765 2180 ',
780 2104 868 2187 quies·

186 2204 297 2245 camus.
317 2184 352 2245 Id
372 2206 428 2267 ego
447 2186 545 2246 contra
563 2206 661 2265 puto:
686 2184 768 2246 istum
789 2188 864 2247 enim

184 2264 326 2327 vieiorem
340 2270 431 2348 magis
441 2267 664 2346 relinquendum
677 2284 764 2348 puto,
778 2265 864 2343 quan

185 2345 311 2420 virium,
326 2346 547 2407 &dubitantem
560 2350 651 2428 magis
661 2393 670 2420 ,
680 2346 766 2427 quam
775 2344 865 2407 fiden-

189 2444 251 2486 rem
269 2426 323 2487 suis
338 2426 438 2488 rebus:
454 2447 520 2486 nam
539 2426 648 2487 caedem
663 2427 775 2500 video,
791 2428 814 2486 si
826 2427 869 2486 vi·

187 2509 282 2577 cerit,
306 2507 338 2566 &
362 2510 502 2587 impetum
521 2509 551 2566 in
576 2509 751 2585 privatorum
771 2526 866 2584 pecu-

184 2584 246 2640 nias
259 2628 269 2654 ,
284 2585 317 2643 &
331 2587 459 2647 exsulum
476 2588 619 2659 reditum,
636 2587 665 2645 &
680 2583 790 2644 tabulas
807 2606 866 2646 no-‚

183 2678 262 2734 Vas,
290 2666 322 2721 &
344 2670 574 2746 turpissimorum
593 2667 741 2735 honores,
764 2664 797 2723 ὃ(
815 2685 868 2725 re-

184 2757 274 2820 gnum
295 2764 355 2803 non
376 2747 466 2804 modo
491 2746 626 2807 Romano
646 2746 762 2804 homini
784 2790 794 2818 ,
814 2744 868 2808 ¹sed

183 2839 220 2880 ne
238 2822 326 2882 Persae
341 2825 459 2903 quidem
474 2829 608 2906 cuiquam
626 2826 787 2887 tolerabile.
807 2823 869 2886 Ta·-

183 2901 239 2959 cita
251 2902 306 2963 ess'e
321 2904 427 2981 poterit
439 2905 593 2987 indignitas
606 2905 702 2967 nostra
714 2906 724 2965 ἒ
742 2908 802 2986 pati
816 2925 868 2984 po·

182 2989 280 3042 terunt
294 2982 389 3056 oculi,
407 3004 455 3046 me
470 3006 536 3048 curn
552 2986 682 3052 Gabinio
698 2986 867 3050 sententiam
