2117 3984
188 418 255 470 tta
365 395 673 470 Ertsrota

182 529 249 576 tur:
267 511 380 574 Fufium
399 515 592 587 clamoribus,
607 513 638 573 &
656 512 792 576 conviciis

185 596 273 656 sibilis
304 593 510 655 consebiantut.
543 593 597 652 His
622 614 658 655 ex
691 597 778 656 rebus

182 673 272 755 spes,
292 674 341 735 sed
362 676 447 734 dolor
465 673 505 735 est
524 672 639 752 major3
657 695 748 756 quum
764 677 792 735 vi

183 756 305 816 civitatis
316 756 497 816 voluntatem
510 753 648 828 solutam,
659 757 792 816 virtuter:

184 854 291 917 garam.
308 834 354 896 Ac
371 856 408 895 ne
427 834 502 895 forte
514 854 622 914 quaeras
635 835 711 896 natal
728 838 792 899 ml

184 917 228 975 sin
249 915 303 976 ulis
326 916 434 988 rebus,
457 912 587 974 universa
607 934 653 974 res
677 916 716 975 eb
741 913 784 976 est

186 936 297 1071 duda,
325 994 389 1076 spes
407 995 534 1058 utnulla
552 997 612 1068 sit,
630 994 787 1075 aliquando

184 1076 277 1136 modb
297 1078 446 1156 privatos,
463 1078 567 1136 verbm
583 1076 670 1136 etiam
688 1073 792 1157 magist

182 1156 292 1216 liberos
315 1154 389 1218 fore.
418 1156 483 1216 Hac
503 1175 602 1216 tamen
625 1159 654 1215 in
675 1176 792 1237 opprest

185 1235 278 1296 sermo
299 1238 330 1296 in
350 1238 460 1298 circulis
480 1237 645 1310 duntaxat,
671 1237 704 1296 &
725 1258 792 1297 conr

186 1315 228 1378 est
246 1317 362 1377 liberior
383 1362 393 1390 ,
421 1317 510 1399 quiam
527 1316 608 1377 fuit:
631 1317 748 1379 vincere
768 1319 792 1378 ir

187 1397 322 1458 timorem
339 1397 442 1472 dolor,
455 1397 572 1469 sedita,
585 1415 617 1456 ut
631 1400 731 1458 omnia
740 1401 792 1459 sim

186 1479 303 1537 nissima
321 1477 535 1559 desperationis.
557 1476 656 1538 Habet
671 1478 793 1540 etiam(

186 1577 262 1637 pana
280 1559 328 1618 lex
346 1558 570 1619 exsecrationem
590 1561 620 1617 in
638 1560 784 1621 concione

187 1636 377 1712 didatorum,
401 1643 425 1698 si
446 1641 626 1700 mentionem
646 1638 792 1715 fecerint,

188 1718 270 1777 aliter
291 1737 359 1799 aget
375 1720 575 1798 possideatur,
589 1734 673 1799 atque
692 1737 723 1780 ut
742 1740 780 1780 ex

185 1797 240 1857 bus
256 1796 347 1858 Juliis.
362 1798 432 1857 Non
445 1799 575 1860 dubitant
588 1797 680 1878 jurate
698 1803 793 1861 ceteri.

188 1880 309 1938 terensis
332 1877 504 1939 existimatur
528 1881 610 1939 caute
639 1877 764 1956 fecitte,
791 1915 793 1926 ›

186 1956 361 2019 tribunatum
380 1959 472 2039 plebis
492 1978 592 2040 petere
611 1959 743 2035 destitit,
770 1982 793 2021 n»

185 2055 274 2100 taret.
303 2038 361 2100 Sed
383 2041 419 2100 de
445 2040 591 2121 republica
615 2063 675 2102 non
695 2041 767 2102 libet
789 2066 793 2123 ζ

186 2116 319 2181 scribere.
339 2119 490 2202 Displiceo
512 2122 600 2195 mihi,
621 2143 675 2183 nec
700 2125 762 2182 sine
788 2140 793 2183 1

186 2219 237 2260 tno
255 2199 346 2261 scribo
365 2203 488 2262 dolore:
512 2223 559 2261 me
579 2220 681 2276 tueor,
696 2222 727 2262 ut
744 2224 793 2285 op}

187 2282 225 2340 sis
248 2283 403 2357 omnibus,
426 2304 485 2342 non
504 2281 643 2355 demisse3
666 2298 697 2342 ut
718 2287 793 2344 tanti:

186 2361 241 2421 bus
256 2362 356 2443 gestis,
370 2385 470 2442 parum
485 2362 605 2423 fortiter.
620 2362 649 2422 A
662 2361 793 2425 Caesarer

186 2441 342 2503 liberaliter
365 2446 470 2504 invitor
494 2445 523 2501 in
549 2443 728 2524 legationem
757 2445 793 2504 ill

187 2521 242 2578 sibi
261 2540 293 2581 ut
318 2524 372 2582 sim
397 2524 508 2605 legatus
528 2543 538 2595 3
563 2542 647 2603 atque
670 2527 756 2585 etiam
779 2526 793 2586 l:

185 2599 291 2737 legatio
307 2606 371 2663 voti
386 2604 470 2663 causti
486 2604 576 2664 datur.
595 2604 652 2664 Sed
667 2607 728 2665 haec
744 2604 777 2665 &

185 2680 209 2738 si
231 2681 251 2738 ii
272 2683 349 2760 apud
373 2684 515 2763 pudorem
545 2683 682 2746 Pulchelli
702 2707 762 2745 non
782 2687 793 2745 l

185 2758 250 2820 satis
271 2805 281 2834 ,
308 2764 339 2822 &
360 2784 377 2823 a
394 2763 486 2826 fratris
506 2763 633 2826 adventu
652 2786 700 2826 me
722 2766 793 2848 able!

187 2840 290 2901 illa&
320 2847 456 2904 munitior
483 2842 523 2904 est
546 2889 554 2916 ,
580 2846 612 2904 &
639 2867 699 2906 non
720 2850 793 2929 impc

186 2921 246 3000 qub
269 2923 362 2988 minus
387 2926 509 3000 adsim,
536 2946 625 3007 quum
650 2926 752 2992 velim.
783 2928 794 2989 l
