2117 3984
285 443 353 498 Ar)
372 391 583 498 Arrrcunr
602 426 757 503 [ΜΠ.
802 441 870 527 109'

196 545 230 606 sm
242 543 432 607 satisfecisse:
448 545 570 626 respicio
588 567 663 605 nunc
681 548 717 607 ad
736 549 810 607 hanc
827 548 872 608 fa-

191 626 283 687 miliam
298 667 310 700 ,
326 648 394 708 quae
411 628 483 685 mihi
499 645 560 686 non
581 627 671 686 modb
691 646 723 688 ur
742 627 870 709 requies-

186 725 238 766 cam
252 709 423 787 permittit3
438 706 488 767 sed
503 707 706 786 reprehendit,
723 712 789 788 quia
805 731 867 770 non

184 783 290 866 semper
313 790 454 867 quietim.
474 784 579 864 Quare
601 789 821 862 incumbamus,
841 789 863 850 ὅ

183 866 271 928 noster
285 865 390 942 Tite,
412 868 449 927 ad
471 868 519 927 illa
538 869 673 948 praeciara
690 866 778 927 studia
798 891 806 939 ;
831 869 864 928 δι

183 947 247 1021 eb,
274 948 356 1008 unde
382 947 529 1008 discedere
551 969 610 1007 non
631 951 785 1029 oportuit,
809 949 865 1007 ali-

184 1027 293 1108 qnando
311 1047 504 1089 revertamur.
521 1025 618 1105 Quod
633 1029 669 1089 de
687 1026 795 1106 Quinti
811 1027 867 1088 fra·

184 1111 228 1168 uis
246 1107 374 1189 epistola
394 1108 511 1182 scribis,
535 1109 571 1167 ad
600 1128 647 1168 me
670 1128 787 1189 qunque
810 1107 867 1169 fuit

184 1195 278 1267 '‘0‘er
293 1208 374 1263 λων,
388 1189 470 1250 inisti
484 1187 520 1248 δὲ.
537 1188 619 1267 Quid
636 1189 728 1248 dicam
745 1188 863 1250 nescio?

185 1287 245 1326 nam
262 1271 304 1328 ita
320 1268 457 1350 deplorat
473 1272 572 1346 primis
588 1269 716 1329 versibus
737 1273 864 1331 mansio·

187 1367 245 1408 nem
267 1348 377 1424 suam,
399 1366 433 1408 ut
451 1351 583 1428 quemvis
605 1370 725 1411 movere
747 1351 866 1430 possit:

189 1429 220 1488 ita
237 1428 332 1488 rursus
355 1430 497 1501 remittit,
520 1449 555 1489 ut
573 1450 620 1490 me
638 1446 744 1512 roget,
763 1448 795 1490 ut
811 1451 864 1490 an·

190 1510 255 1568 nales
273 1509 343 1570 suos
364 1507 542 1581 emendem,
562 1510 594 1569 ἃ
615 1511 709 1570 edam.
726 1508 800 1569 lllud
815 1528 864 1570 ta·

190 1607 265 1663 men,-
283 1590 369 1671 quod
387 1590 501 1664 scribit,
521 1590 733 1651 animadvertas
752 1591 864 1666 velim,

191 1668 372 1750 deporton’o
399 1670 674 1744 circumvesiionis3
702 1673 741 1731 ait
767 1669 796 1731 se
822 1669 861 1731 de

191 1753 289 1810 consilii
300 1750 443 1812 sententia
455 1771 517 1811 rem
533 1751 569 1811 ad
583 1750 710 1812 senatum
726 1749 864 1828 rejecisse.

190 1825 318 1892 Nondum
343 1833 483 1893 videlicet
501 1851 579 1893 meas
605 1834 711 1893 litteras
731 1833 864 1914 legerat3

191 1912 278 1990 qubus
299 1913 339 1972 ad
362 1933 432 1973 eum
453 1956 463 1986 ,
490 1931 519 1972 re
545 1913 672 1973 consultd
694 1913 727 1973 &
753 1933 788 1973 ex
811 1913 862 1973 lo·

190 1992 261 2066 md,
279 1991 499 2074 perscripseram
511 2039 525 2066 ,.
539 2014 598 2051 non
617 1994 724 2054 deberi.
742 1936 864 2067 Veiim,

191 2074 208 2130 si
226 2075 273 2210 pti
286 2072 387 2135 Graeci
405 2071 464 2152 jam
483 2071 609 2132 Romam
626 2094 662 2133 ex
682 2074 752 2133 Asia
772 2075 808 2134 de
827 2092 864 2133 eat

193 2172 263 2211 caua
279 2172 446 2227 venerunt,
464 2154 581 2228 videas,
601 2155 653 2227 δι,
672 2156 697 2215 si
710 2154 762 2212 ribi
777 2154 865 2216 vide·

191 2230 283 2306 bitur,
304 2235 347 2295 his
377 2231 575 2306 demonstres,
597 2234 667 2313 quid
690 2254 746 2314 ego
767 2234 803 2293 de
827 2254 864 2293 ea

189 2331 216 2373 re
230 2314 355 2375 sentiam.
375 2315 405 2376 Si
423 2313 534 2395 possum
550 2313 716 2385 discedere,
731 2332 767 2370 ne
783 2311 866 2373 causa

187 2399 288 2474 optima
305 2398 337 2454 in
357 2395 455 2456 senatu
476 2414 596 2475 pereat,
618 2415 676 2475 ego
695 2391 864 2454 satisfaciam

186 2476 338 2554 publicanis
353 2497 363 2549 3
378 2474 402 2539 α’
414 2474 439 2535 it
456 2474 521 2555 μὴ’(
536 2477 604 2535 vere
621 2490 719 2534 recum
736 2473 866 2554 loquar)

186 2555 277 2617 inhac
295 2577 329 2617 re
347 2557 427 2615 malo
445 2556 581 2615 universae
602 2554 698 2628 Asiae,
722 2555 753 2613 &
769 2575 863 2637 nego·

185 2637 346 2697 datoribus:
364 2656 433 2695 nam
452 2655 553 2696 eorum
570 2655 690 2716 quoque·
704 2635 864 2697 vehemen-

184 2729 225 2776 ter
243 2714 372 2778 interest.
393 2718 462 2776 Hoc
484 2736 540 2798 ego
564 2716 662 2776 sentio*
673 2716 757 2777 valde
777 2718 862 2777 nobis

185 2817 252 2878 opus
275 2797 344 2859 effe.
367 2796 425 2858 Sed
448 2814 479 2857 tu
499 2797 529 2857 id
548 2797 670 2857 videbis.
692 2795 863 2873 Quaestores

184 2895 296 2952 autem,
312 2877 431 3004 puaeso,
450 2881 623 2937 numeriam
642 2878 677 2937 de
696 2876 866 2956 cistophoro

185 2957 329 3023 dubitant.
353 2979 423 3021 nam
443 2961 465 3019 si
485 2958 566 3022 aliud
583 2957 653 3021 nihil
674 2961 752 3034 erit,
771 2974 867 3038 quum
