2117 3984
174 507 185 526 .
230 471 294 523 Ar>
307 457 513 523 Arrrcrsrr
529 458 615 528 ω.
633 457 713 529 VII.
744 481 814 552 309

112 591 117 596 ·
137 587 175 630 res
198 569 264 630 sunt
285 569 356 630 boni
381 570 456 626 viri:
480 573 584 629 verirm
608 575 637 630 in
665 569 815 635 diffensio·

138 651 213 710 ribus
235 649 355 709 ordines
379 647 524 708 bonorum
548 652 581 708 δι
605 673 710 732 genera
733 675 813 734 quae.

137 729 218 790 reuda
235 728 310 789 sunt.
335 727 473 788 Senatum
495 729 605 788 bonum
627 751 733 810 putas,
760 753 813 812 pet

136 827 216 889 quem
232 811 296 868 eine
314 810 438 887 irnperio
456 812 612 887 provinciae
626 809 712 870 sunt?
729 833 814 872 num-

134 907 214 968 quarn
231 891 314 948 enirn
331 886 423 948 Curio
443 887 631 960 sustinuiffer‚
650 894 673 949 si
692 912 757 949 cum
775 913 814 951 eo

136 971 173 1050 agi
193 985 330 1047 coeptum
352 966 445 1039 effet3
466 989 554 1047 quarn
574 968 744 1029 sententiam
765 970 815 1031 se·

137 1067 210 1110 natue
233 1048 317 1128 sequi
340 1048 454 1107 noluit:
480 1068 516 1107 ex
538 1069 597 1127 quo
617 1049 725 1109 fadum
741 1049 782 1109 est
803 1095 814 1123 ‚

136 1144 160 1188 ut
174 1125 284 1188 Caesari
298 1139 366 1186 -non
385 1126 591 1187 succederetur.
610 1128 658 1188 An
680 1132 814 1207 publica·

136 1208 203 1270 nori
221 1209 274 1288 qui
291 1226 449 1285 numquam
466 1205 563 1278 firmi,
582 1207 631 1267 sed
650 1229 724 1269 nunc
744 1208 814 1269 Cae·

135 1285 181 1348 sui
203 1286 270 1348 sunt
290 1287 465 1346 amicissimi.
483 1285 532 1344 An
549 1286 758 1348 foeneratores?
776 1311 813 1350 an
851 1328 855 1338 ·

134 1365 292 1462 agricolas?
308 1367 411 1445 quibus
428 1369 639 1443 optatissimum
652 1366 692 1427 est
706 1371 814 1441 orium3

133 1450 185 1506 ursi
202 1466 256 1508 eos
275 1449 379 1506 timere
395 1464 497 1524 putas,
513 1466 550 1505 ne
568 1445 617 1504 sub
633 1467 723 1527 regno
743 1450 815 1521 sint,

136 1526 410 1607 quiiduumquam‚
423 1525 492 1583 dum
506 1526 597 1585 modi)
610 1528 697 1586 otiosi
708 1525 817 1601 effent,

89 1657 91 1684 r
134 1605 303 1666 recusarunt.
327 1604 413 1682 Quid
434 1625 504 1685 ergo
526 1605 537 1664 ἓ
563 1605 720 1666 exercitu'm
742 1610 816 1666 reti-

89 1693 92 1732 :
134 1689 251 1758 nentis,
269 1706 361 1765 quum
378 1685 448 1764 legis
469 1685 529 1743 dies
546 1688 707 1760 transierit,
727 1690 816 1745 ratio·

122 1785 199 1828 ,nem
216 1766 321 1826 haberi
361 1762 459 1823 lacet?
478 1766 548 1821 mihi
566 1768 639 1824 verb
658 1785 695 1825 ne
713 1766 817 1826 absen-

135 1846 168 1906 τίς
179 1845 318 1928 quidem:
343 1845 399 1917 ed,
414 1863 501 1924 quum
514 1844 544 1902 id
558 1844 656 1904 datum
669 1845 710 1905 est
720 1889 730 1918 ‚
742 1846 815 1906 illud

134 1925 189 1986 und
203 1925 307 1986 datum
321 1922 371 1984 est.
384 1929 538 1983 Annorum
552 1927 630 1983 enim
644 1926 746 1984 decem
759 1929 815 1984 im·

134 2008 265 2084 perium:
287 2005 320 2063 &
339 2006 379 2063 ira
399 2005 487 2062 latum
506 2003 624 2081 placet?
648 2007 742 2082 placet
760 2008 817 2085 igi-

134 2101 178 2146 tur
191 2086 285 2146 etiarn
305 2103 352 2143 me
370 2082 539 2161 expulsum,
559 2084 590 2141 &
607 2103 708 2162 agrurn
726 2081 817 2143 Cam·

134 2164 243 2244 penum
267 2162 396 2244 periisse,
422 2164 453 2220 ὃ(
475 2162 645 2240 adoptatum
665 2165 816 2241 patricium

134 2263 154 2304 a
170 2243 312 2325 plebeio,
334 2241 510 2303 Gaditanum
529 2264 546 2300 a
566 2241 764 2319 Mitylenaeor
786 2244 818 2301 &

136 2322 260 2384 Laisreni
283 2323 413 2396 diviriae,
439 2323 470 2379 &
494 2320 647 2380 Mamurrae
670 2323 785 2400 placent
808 2363 818 2395 ,

135 2403 171 2462 δι
190 2401 275 2464 Balbi
296 2403 395 2476 horti,
416 2401 447 2459 &
464 2400 668 2462 Tusculanum.
687 2401 745 2460 Sed
764 2402 820 2460 ho·

135 2503 202 2542 rum
232 2484 362 2546 bmnium
391 2480 457 2540 fons
483 2502 555 2540 unus
578 2478 618 2539 est
640 2502 646 2537 :
672 2480 819 2542 imbecillo

136 2559 326 2624 resistendum
344 2560 419 2631 fuit,
438 2559 517 2619 &id
536 2577 597 2619 erat
618 2558 720 2620 facile:
743 2583 818 2623 nunc

137 2643 350 2724 legionem,
376 2643 518 2721 equitatus
539 2655 660 2710 tantus,
680 2661 818 2720 quantum

136 2722 241 2794 volet3
263 2720 485 2799 Transpadani,
505 2719 605 2798 plebes
627 2719 733 2779 urbana
743 2746 760 2795 ‚¹
773 2741 819 2781 rot

136 2801 246 2862 tribuni
255 2801 370 2880 plebis,
383 2816 442 2863 tam
456 2798 566 2877 perdita
579 2798 731 2874 juventus,
741 2801 819 2860 tanti

135 2879 306 2942 audieritate
324 2879 382 2939 dux
402 2923 412 2951 ,
429 2878 508 2938 tanti
525 2880 659 2939 audaciai:
677 2901 743 2939 curn
762 2880 820 2935 hoc

134 2977 186 3024 aut
200 2958 432 3044 depugnandum
444 2956 503 3034 est,
516 2977 566 3024 aut
580 2959 713 3023 habenda
725 2978 742 3019 e
756 2956 821 3036 lege
