2117 3984
263 473 327 562 148
441 474 748 544 Emrom
820 483 834 500 ”

255 589 300 649 bis
316 585 372 649 esse
389 587 485 671 legem
503 588 540 648 de
552 587 808 672 collegiisperferri
822 606 831 648 t
847 585 896 649 sed
907 591 937 650 t'u

256 671 368 728 tanthm
394 670 525 728 lacrimas
554 669 698 749 praebuissi
725 668 819 730 dolori
846 685 940 744 meo‚'

256 749 336 829 quod
363 765 425 810 erat
451 752 581 824 amoris,
603 768 750 830 tamquam
774 751 783 808 i
806 746 835 810 se
853 768 937 831 ego:

253 829 334 910 quod
353 831 461 890 meritis
482 833 554 890 meis
568 829 726 909 perfefilum
749 771 805 890 esf}
849 830 940 902 otuit,

256 927 288 970 ut
304 910 366 970 dies
383 911 414 970 &
430 910 529 970 nosses
545 909 613 989 quid
630 911 701 970 mihi
719 907 815 971 facien
837 930 887 970 um
899 906 941 970 es·

255 989 299 1050 set
319 995 481 1072 cogitares,
502 989 533 1049 id
551 991 604 1060 ahs
620 1007 671 1064 te,
693 1010 785 1063 meo,
807 1010 870 1050 non
890 1006 939 1050 τιισ

254 1069 378 1144 scelere,
396 1067 612 1151 praetermissum
631 1069 681 1131 est.
712 1069 806 1149 Qubd
831 1072 855 1130 si
881 1091 939 1132 non

256 1150 348 1210 modb
370 1166 425 1220 tu,
443 1149 491 1210 sed
513 1149 660 1230 quisquam
684 1147 796 1225 fuisset,
821 1151 939 1231 qui·me

256 1230 388 1312 Pompeii
405 1232 499 1290 minhs
519 1231 629 1291 liberali
646 1229 783 1310 responso
802 1233 939 1310 perterri-

256 1329 321 1372 tum
333 1335 349 1371 a
359 1313 523 1391 turpissimo
539 1311 659 1372 consilio
676 1329 850 1388 revocaret,
862 1309 939 1394 quod

256 1411 332 1453 unus
347 1410 379 1453 tu
393 1392 488 1453 facere
500 1393 624 1452 maxim&
643 1390 774 1472 potuisti,
785 1409 836 1451 aut
852 1413 939 1452 occu·

257 1471 377 1534 buiffem
396 1469 533 1546 honeffl,
546 1491 594 1533 aut
610 1472 734 1533 viaores
752 1471 843 1532 hodie
857 1473 939 1532 vive·-

257 1572 365 1615 remus.
381 1554 438 1613 Hic
448 1553 519 1612 mihi
531 1555 540 1612 i
562 1551 660 1613 nosces
674 1572 681 1610 :
696 1571 744 1612 me
758 1553 837 1612 enim
851 1551 940 1632 ipsum

256 1634 351 1694 multb
368 1636 460 1713 magis
476 1573 597 1705 accu÷o;
615 1632 719 1694 deinde
739 1650 787 1707 te,
800 1635 884 1712 quasi
893 1651 939 1694 me

256 1714 396 1774 alterum:
408 1714 440 1773 &
453 1712 538 1772 simul
549 1733 623 1774 meae
635 1713 724 1794 culpae
739 1712 850 1773 socium

257 1813 315 1862 ro:
336 1795 408 1852 acsi
428 1791 579 1868 restituor,
597 1796 684 1853 etiam
708 1794 802 1852 minhs
821 1733 940 1854 vigg-

258 1893 323 1932 mut
339 1870 484 2011 deliffiuisse
498 1893 508 1946 ;
520 1874 571 1931 abs
588 1890 676 1954 teque
692 1875 769 1935 cert&
781 1919 790 1946 ,
803 1875 940 1954 quoniam

257 1952 340 2012 nullo
363 1974 401 2011 no
426 1974 459 2013 ro
472 1997 482 2027 ‚
497 1971 549 2013 tuo
573 1958 582 2013 i
605 1957 661 2015 sius
678 1952 822 2014 beneficio
840 1953 940 2036 dilige·

258 2053 334 2093 mur.
344 2031 439 2111 Qubd
452 2051 559 2093 tecum
574 1975 708 2095 guleone
720 2034 817 2094 scribis
832 2034 871 2095 de
882 2035 941 2116 pri·

258 2113 367 2195 vilegio
387 2113 516 2175 locutum
534 2160 544 2189 ‚
562 2113 602 2175 est
623 2115 754 2196 aliquid;
778 2115 829 2175 sed
850 2114 940 2176 multb

260 2191 302 2254 est
321 2195 423 2254 melius
443 2195 512 2254 abro
534 2197 574 2254 ari
586 2216 593 2255 z
606 2198 630 2255 si
645 2199 723 2256 enim
740 2214 829 2255 nemo
849 2197 941 2276 impe·

261 2275 342 2349 diet,
357 2276 426 2355 quid
443 2274 483 2336 est
524 2278 611 2336 rmius
627 2275 638 2335 ?
657 2280 699 2336 sin
719 2277 791 2350 erit,
806 2275 858 2356 qui
875 2273 940 2337 ferri

261 2377 323 2416 non
339 2358 412 2415 sinat
428 2375 437 2427 ;
457 2355 536 2414 idem
555 2355 793 2416 senatusconsulto
816 2359 941 2418 interce·

261 2438 334 2496 det:
354 2456 409 2495 nec
430 2437 588 2517 quidquam
604 2437 679 2497 aliud
700 2458 774 2516 opus
793 2437 835 2496 est
854 2435 940 2516 quhm

260 2518 418 2597 abrogari:
437 2535 503 2575 nam
522 2519 602 2597 prior
619 2518 666 2577 lex
686 2538 740 2575 nos
762 2517 833 2576 nihil
850 2517 940 2578 laede·

260 2597 311 2658 bat
329 2617 338 2668 3
374 2615 442 2654 uam
456 2599 479 2655 si
490 2641 500 2670 ,
510 2613 542 2656 ut
559 2593 598 2656 est
609 2598 809 2678 promulgata,
824 2597 939 2658 laudare

257 2619 463 2747 voluispemus,
477 2693 545 2747 aut,
562 2693 594 2735 ut
605 2696 666 2738 erat
678 2678 870 2759 negligenda,
884 2697 940 2740 ne·

279 2757 389 2839 ligere,
406 2775 511 2815 nocere
522 2759 642 2818 omnino
660 2760 744 2817 nobis
758 2777 817 2816 non
831 2757 941 2839 potuis·

252 2777 310 2898 {et
330 2838 388 2897 Hic
408 2837 479 2914 mihi
497 2838 623 2915 primhm
643 2860 703 2898 non
729 2838 822 2898 modb
844 2840 942 2900 consi·

257 2919 329 2978 lium
349 2915 458 2989 defuit,
476 2914 525 2975 sed
547 2918 635 2977 etiam
652 2917 764 2978 obfuit:
779 2921 851 2978 caeci
862 2963 873 2992 ,
885 2939 942 2978 ςπ-

259 3001 303 3076 ci,
325 3001 463 3081 inquam,
483 2995 588 3058 fuimus
607 3001 637 3058 in
655 2997 759 3062 vestitu
780 2999 939 3076 mutando,
