2117 3984
286 493 350 554 no
368 484 577 553 Arrrcurt
594 483 680 553 ω.
701 483 765 556 IV.
802 506 867 578 ²03

194 619 269 675 tam;
287 601 322 661 81
340 599 383 662 est
401 598 515 682 pondus
535 601 614 680 apud
633 598 749 662 rusticos
768 601 798 661 in
819 623 874 684 pa·

189 686 236 744 tris
252 685 407 744 memoria.
425 679 544 760 Reliqui
561 681 621 741 duo
642 683 748 762 plebeii
764 685 804 742 sic
819 703 873 745 ex·

189 781 355 846 aquantur,
367 780 401 824 ut
417 760 568 823 Domitius
581 763 676 824 valeat
688 765 804 837 amicis,
816 766 869 826 ad·

191 841 199 854 '
237 861 302 906 etur
327 861 428 904 tamen
449 863 511 902 non
533 845 696 925 gratissimo
724 863 869 919 munere;

190 865 237 986 lllv
272 924 349 985 mius
375 922 495 984 Caesaris
520 923 741 984 commendetur
769 925 872 985 militi·

190 1005 262 1080 bns,
287 1003 423 1085 Pompeii
443 1001 542 1064 Gallia
560 1007 664 1064 nitatur
684 1025 692 1062 ε
719 1005 822 1084 quibus
848 1009 871 1066 si

140 1101 142 1164 ᾗ
191 1107 246 1148 non
264 1086 391 1148 valuerit
409 1128 420 1159 ,
438 1101 540 1165 putant
563 1084 625 1146 fore
647 1085 797 1164 aliquem,
821 1089 871 1166 qui

140 1169 142 1187 '
186 1167 304 1234 ,comitia
323 1168 355 1226 in
382 1165 542 1225 adventum
566 1163 684 1226 caesaris
709 1166 869 1243 detrudat,

192 1242 303 1308 Catone
349 1244 487 1307 raesertim
511 1244 651 1308 absoluto.
675 1245 724 1307 Ab
753 1248 870 1327 Quinto

191 1327 293 1403 lintre,
374 1347 395 1386 a
415 1323 528 1388 Caesare
546 1330 645 1407 accepi
661 1350 687 1388 a.
703 1327 733 1387 d.
750 1347 785 1387 rx
802 1329 869 1390 Kal.

190 1405 351 1470 Novembr.
376 1406 513 1481 litteras,
540 1406 671 1468 confeild
691 1407 838 1468 Britannia
858 1453 870 1484 ,

191 1489 334 1550 obsidibus
355 1489 509 1567 acceptis,
534 1488 613 1548 nulli
633 1487 752 1569 praedi,
772 1491 811 1546 im
833 1508 870 1549 e—

193 1569 243 1630 rati
254 1587 357 1631 tamen
368 1567 510 1647 pecunid,
526 1568 606 1629 datas
620 1589 637 1627 a
651 1568 792 1628 littoribus
805 1511 870 1629 llri-

189 1652 284 1710 tamiae
309 1651 448 1730 proximo
465 1669 493 1708 a.
507 1647 538 1708 d.
557 1667 594 1709 vr
614 1648 740 1709 Kalend.
758 1648 868 1710 ottob.

187 1731 343 1792 exereitum
367 1727 515 1790 Britannid
532 1730 728 1810 reportabant.
756 1727 800 1808 Q.
821 1729 869 1790 Pi·

186 1811 236 1874 lias
255 1825 321 1872 erat
337 1807 398 1888 jam
416 1808 453 1869 ad
470 1807 615 1871 Caesarem
632 1808 785 1891 profectus.
801 1809 867 1887 Tu,

188 1893 274 1954 siaut
290 1909 379 1950 amor
395 1892 426 1948 in
445 1906 475 1950 te
496 1889 537 1951 est
552 1890 661 1965 nostri,
679 1912 712 1951 ac
732 1909 865 1968 tuorum,

189 1989 232 2032 urt
248 1971 467 2042 ulla-veritas,
495 1989 544 2031 aut
563 1976 587 2032 si
603 1975 691 2033 etiam
707 1971 780 2052 sapis
801 2017 810 2044 ,
831 1993 865 2033 ac

189 2050 241 2112 frui
254 2055 311 2114 tuis
327 2050 495 2111 commodis
511 2055 639 2134 cogitas,
659 2053 814 2113 adventare
832 2053 865 2113 δι

193 2133 280 2212 prope
300 2130 394 2193 adelle
414 2127 473 2210 jam
492 2132 598 2193 debes:
620 2154 681 2193 non
702 2134 866 2212 mehercule

194 2231 276 2294 equo
290 2215 386 2272 animo
405 2229 436 2272 te
451 2233 535 2273 careo
549 2234 556 2271 :
571 2232 601 2274 te
616 2229 713 2273 autem
727 2213 797 2293 quid
811 2215 868 2271 mi·

190 2313 250 2352 mm
268 2338 279 2367 ,
299 2296 350 2374 qui
374 2290 555 2373 Dionysium
575 2311 729 2374 tantopere
754 2292 869 2354 deside·

187 2373 270 2434 rem?
292 2393 383 2456 quem
405 2373 522 2453 quidem
546 2375 596 2435 abs
619 2394 673 2450 te,
695 2393 783 2453 quum
804 2374 867 2435 dies
892 2403 894 2410 ·

186 2457 328 2526 venerit,
349 2454 382 2513 ὃ(
400 2472 476 2536 ego,
496 2456 529 2515 &
547 2454 655 2518 Cicero
677 2475 758 2515 meus
781 2455 868 2538 flagi·

186 2537 262 2596 rabit.
283 2531 350 2594 Abs
375 2550 406 2594 te
428 2537 573 2616 proximas
595 2539 701 2599 litteras
723 2535 866 2598 habebam

185 2611 296 2698 Epheso
316 2635 345 2676 a.
361 2613 390 2676 d.
404 2632 429 2674 v
446 2614 492 2677 ld.
510 2616 591 2679 Sext.
609 2620 700 2681 datas.

249 2743 253 2748 ’
281 2731 450 2797 theno
481 2734 647 2798 Arrrco
676 2733 761 2806 Sa't.
859 2799 861 2804 ,

190 2819 363 2918 sipoto
379 2875 410 2919 te
428 2856 588 2920 existimare
605 2881 674 2934 me,
691 2883 767 2924 nunc
785 2862 865 2922 obbia

185 2952 243 2994 tum
261 2937 476 2999 consuetudinis
497 2940 528 2998 &
546 2939 663 3001 instituti
678 2946 760 3016 mei,
776 2945 864 3000 raribs

184 3015 219 3077 ad
229 3034 260 3078 te
274 3016 397 3082 scribere
407 3065 418 3098 ,
430 3018 517 3102 quim
530 3021 658 3084 solebam
670 3043 678 3082 τ
688 3022 759 3182 {eds
774 3039 864 3103 quum
