2117 3984
89 278 160 314 (lese
180 277 260 333 polle
275 297 285 325 ,
304 276 391 333 quillss
405 276 436 311 ut
452 276 483 310 tu
500 276 548 310 me
566 276 669 330 quam·

88 355 111 392 n
132 331 334 413 consequare3
353 347 402 403 ut,
425 351 514 412 quum
531 350 568 390 ex
587 328 670 392 Italia

88 416 107 474 si
128 411 253 474 essemus
276 457 286 487 ,
314 415 374 473 sive
401 431 453 491 per
475 410 595 490 Epirum
613 414 668 473 iter

88 493 240 556 utiendum
253 536 264 565 ,
278 510 329 553 tuo
342 510 515 573 tuorumque
530 492 667 571 prasidio

88 593 146 648 aur;
162 578 224 633 sive
238 572 315 634 aliud
332 573 401 653 quid
419 572 563 653 agendum
578 570 667 647 esset,

88 701 93 714 .
113 654 269 714 consilium
286 654 323 713 de
337 669 386 712 tua
405 652 544 712 sententia
563 672 667 730 capere

89 757 138 798 us.
161 733 367 812 Quamobrem
387 749 416 793 te
438 754 492 792 oro
517 732 568 791 des
591 751 667 812 ope·

89 833 117 878 ut
132 835 182 876 me
198 811 291 874 statim
309 811 504 896 consequare:
525 812 606 891 quod
621 810 667 871 sa·

89 914 194 978 ¹autes,
213 896 350 976 quoniam
372 894 409 953 de
428 894 579 973 provincia
598 891 667 952 Ma-

89 999 104 1038 a
129 975 242 1057 perlata
264 975 311 1035 lex
336 971 385 1034 est·
412 971 543 1033 Pluribus
569 972 668 1033 verbis

99 1075 246 1140 agerem,
268 1055 322 1116 uisi
337 1075 392 1135 pro
407 1074 455 1116 me
474 1053 552 1136 apud
569 1071 599 1115 te
617 1072 664 1115 res

89 1156 242 1220 queretur.

99 1235 262 1302 Cacauo
293 1234 452 1297 Αττιοο
483 1232 567 1296 Sar..

89 1353 257 1398 :nuum
280 1335 332 1396 tibi
349 1334 379 1394 δι
398 1333 497 1414 saepe,
516 1333 549 1393 δι
569 1333 667 1393 maxi·

89 1419 120 1514 gia
133 1419 238 1502 gratias
251 1437 258 1475 a
275 1416 305 1475 id
321 1412 362 1475 est
377 1415 446 1474 mihi
464 1415 669 1494 gratissimum.
694 1439 697 1444 ·

89 1519 136 1560 avo
152 1495 352 1568 miserrimus,
368 1495 400 1553 &
418 1497 546 1552 maximo
562 1493 666 1553 dolore

89 1599 130 1642 ur.
152 1577 204 1638 Ad
220 1595 250 1638 te
269 1576 337 1657 quid
354 1574 495 1648 scribam,
512 1572 625 1632 nescio:
640 1577 667 1633 si

90 1657 249 1731 sRomae‚
268 1655 326 1734 jam
344 1675 392 1715 me
411 1654 516 1735 assequi
535 1659 598 1714 'non
611 1674 666 1734 po·

89 1761 104 1800 u
120 1759 154 1800 ea
171 1741 205 1799 in
223 1740 272 1798 via
284 1782 294 1810 ‚
313 1755 402 1817 quum
422 1739 477 1795 eris
489 1754 537 1795 me
552 1732 666 1795 assecu-

89 1819 168 1882 aram
189 1837 330 1900 agemus,
350 1837 415 1896 quae
435 1832 519 1877 erunt
543 1816 667 1898 agenda.

89 1918 151 1961 ute
169 1921 252 1972 oto,
274 1914 329 1970 ut,
345 1897 482 1977 quoniam
503 1917 551 1956 me
572 1896 665 1978 ipsum

112 1978 212 2021 amam
269 1977 375 2020 ΔΑᾸΜὶ
398 1997 496 2020 omnm
522 1979 578 2019 de·
604 1997 620 2019 fl
641 1999 662 2019 n
