2117 3984
920 277 1113 320 rantur
1145 276 1302 317 lecus
1337 276 1418 316 an
1447 277 1524 318 eo
1557 280 1617 318 m
1658 278 1752 319 me
1793 278 1967 340 xpum.

920 337 978 399 se
1013 380 1033 411 ,
1072 358 1195 397 non
1229 339 1507 398 meminit
1533 340 1696 400 tantb
1727 339 1854 421 plus
1883 359 1967 419 ap]

918 418 1041 479 lere
1081 414 1348 478 beneficii
1379 420 1659 498 gratiam,
1691 419 1872 500 quim
1913 421 1967 480 in

918 497 1112 558 lorem
1142 497 1305 558 νοΙο.
1336 495 1634 560 Faciamus
1679 501 1852 582 igitur
1875 540 1896 571 ‚
1943 521 1967 558 t

923 575 1373 659 colligamusque
1409 600 1541 640 nos.
1591 580 1853 655 Σοφιςεῦυ
1887 583 1967 639 en*

926 675 991 719 ut
1033 680 1127 718 rus
1175 658 1418 719 decurro
1456 703 1478 733 ,
1528 675 1700 739 atque
1745 661 1807 718 in
1847 659 1967 720 dec]

929 758 1088 799 meas
1137 740 1520 799 commentari
1563 759 1684 799 non
1723 739 1967 802 desino:

1060 817 1199 877 dam
1241 838 1440 878 earum
1487 817 1854 898 perdifficiies
1909 824 1967 880 a:

970 919 1090 956 um.
1130 896 1230 958 De
1266 899 1637 978 optimatibus
1671 902 1744 958 sit
1771 898 1902 959 sanie
1921 902 1967 962 it

926 976 1023 1035 sed
1061 975 1208 1036 nosti
1240 977 1382 1037 illud
1406 1023 1425 1046 ,
1455 978 1735 1047 Audet&-
1757 979 1809 1039 ἓν
1837 979 1967 1059 {ogi

926 1053 1076 1115 filius
1100 1056 1253 1135 apud
1278 1055 1564 1117 Caesarem
1588 1055 1688 1117 est.
1711 1055 1898 1136 Qubd
1913 1079 1967 1119 at

926 1138 1118 1196 vereri
1150 1136 1362 1196 videris
1384 1179 1404 1211 ,
1433 1156 1509 1198 ne
1538 1137 1679 1196 mihi
1705 1155 1806 1198 tua
1836 1159 1967 1199 cons

926 1233 1097 1277 ceant
1138 1235 1158 1287 ;
1193 1237 1289 1277 me
1328 1218 1471 1278 verb
1505 1216 1647 1276 nihil
1684 1215 1925 1279 deleaat
1957 1241 1967 1278 ε

930 1297 1238 1357 consilium
1283 1297 1344 1356 &
1379 1298 1581 1357 litterae
1632 1314 1787 1357 tuae:
1826 1317 1967 1379 quar

930 1374 1224 1450 ostendis,
1269 1397 1346 1437 ne
1388 1374 1663 1437 destiteris
1709 1378 1785 1437 ad
1825 1398 1922 1440 me
1947 1423 1967 1454 ,

927 1457 1031 1516 tibi
1080 1461 1140 1516 in
1196 1475 1456 1517 mentem
1501 1458 1766 1530 venerit,
1803 1455 1967 1520 scribe

928 1536 1069 1596 nihil
1105 1534 1292 1616 potest
1327 1535 1438 1596 esse
1512 1537 1703 1597 ratius.
1725 1535 1967 1598 Venioa

928 1637 1079 1675 nunc
1118 1614 1436 1695 epistolam.
1471 1557 1650 1675 {effla
1689 1636 1809 1676 non
1843 1617 1967 1680 cred

928 1715 1091 1755 mero
1134 1696 1422 1755 militum:
1469 1695 1592 1775 ipso
1631 1696 1868 1757 dimidio
1903 1697 1967 1778 p!

929 1772 1161 1834 Clodia.
1204 1774 1425 1835 Falsum
1459 1777 1635 1834 etiam
1680 1777 1754 1837 de
1793 1797 1967 1857 σοι-ται

926 1854 1053 1915 bus.
1092 1853 1279 1931 Qubd
1321 1852 1580 1916 consules
1620 1856 1815 1916 laudas
1842 1874 1864 1929 ;
1893 1875 1967 1940 eg

925 1933 1180 2035 {nimussn
1201 1932 1374 1993 laudo
1391 1978 1410 2006 ‚
1424 1932 1529 2035 ¹(ed
1556 1937 1858 2037 consilinum
1877 1957 1967 2017 re}
