2117 3984
288 471 354 533 'An
373 461 580 531 Arrrcuru
599 462 685 544 Lru.
708 461 769 529 VI.
801 465 874 556 -269

182 582 338 644 renovatis
356 576 531 660 quotannis:
546 576 765 638 numerabantur
785 599 877 637 nurn-

190 665 253 724 mi:
275 662 374 722 noluit
392 657 537 736 Scaptius¹¹
552 653 629 717 Tun’
641 659 688 736 qui
707 656 877 718 aisBruturn

180 733 298 822 ¹cupere
315 738 423 819 aliquid
442 736 589 818 perdere?
610 753 761 818 quaternas
779 737 875 798 habe·

188 822 240 892 bat
249 825 279 882 in
296 817 480 900 syngrapha:
493 813 563 890 fieri¹
581 839 641 876 non
659 833 772 897 poterat
782 836 792 889 ;
804 838 874 892 nec,

188 905 212 963 ti
227 899 324 982 posset
337 945 347 975 ,
359 920 418 981 ego
434 897 493 978 pati
503 894 624 977 poffem.
640 897 740 956 Audio
753 900 873 959 omnino

188 979 338 1063 Scaptium
361 981 529 1059 poenitere:
553 997 620 1036 narn
647 976 728 1058 quod
751 976 877 1037 senatus·

188 1061 352 1136 consultum
370 1057 426 1121 effe
443 1057 578 1130 dicebat,
597 1076 629 1117 ut
646 1055 689 1135 jus
703 1077 740 1118 ex
758 1056 877 1139 syngra-

185 1141 245 1224 pha
268 1143 437 1212 diceretur,
461 1156 498 1198 eo
526 1137 648 1197 consilio
677 1135 782 1197 fabium
810 1135 876 1214 est,

227 1221 267 1282 bd
294 1222 447 1300 pecuniam
479 1215 624 1277 Salaminii
653 1235 751 1278 contra
776 1217 874 1278 leem

207 1302 347 1362 'abiniam
360 1300 420 1360 surn
442 1297 536 1372 serant
547 1298 681 1358 :vetabat
699 1316 794 1358 autem
803 1239 874 1360 iuli

186 1381 252 1456 lex,
269 1378 317 1458 ius
335 1380 396 1454 dici,
431 1398 447 1438 e
463 1380 507 1444 ¹ita
526 1377 637 1459 sumpta
657 1382 779 1458 pecunia
794 1400 801 1436 ι
815 1380 873 1438 de·

189 1463 386 1542 §tevit'igitur
405 1459 538 1531 senatus,¹
555 1473 587 1516 ut
606 1455 650 1535 jus
672 1458 813 1519 diceretur
835 1480 872 1519 ex

191 1537 270 1602 istas
286 1539 433 1622 ngrapha:
447 1558 522 1598 nunc
535 1535 585 1596 ista
596 1538 682 1597 habet
691 1535 759 1615 juris
773 1539 872 1612 idem,

189 1561 414 1702 martyrum,
434 1620 503 1680 nihil
517 1619 663 1698 praecipui.
684 1617 775 1690 Haec,
794 1640 872 1680 arne

184 1701 289 1762 urdine
306 1698 380 1760 faeie
392 1743 402 1773 ‚
413 1718 484 1778 puto
504 1719 551 1758 me
563 1697 652 1757 Bruto
663 1698 849 1776 probaturum
861 1721 872 1773 3

186 1779 237 1840 ribi
252 1777 351 1842 nescio
361 1799 370 1851 3
380 1777 490 1842 Catoni
504 1780 581 1840 certe
593 1778 733 1858 probabo.
742 1779 799 1839 Sed
810 1777 870 1857 jam

186 1859 224 1920 ad
242 1876 272 1922 te
291 1858 385 1940 ipsum
406 1877 546 1920 revertor.
565 1857 632 1918 Ain’
648 1859 784 1932 tandem,
809 1860 869 1928 At-

170 1955 174 1962 '
187 1939 243 2000 tice
253 1983 263 2012 ,
275 1939 409 2002 laudator
419 1940 587 2020 integritatis
601 1939 632 1999 &
645 1940 792 2021 elegantiae
807 1940 871 2016 nos·

186 2019 264 2078 tte?
281 2019 365 2099 nufits
382 2042 410 2078 es
429 2022 480 2079 hoc
496 2041 532 2094 etr
552 2042 596 2079 ure
610 2039 677 2093 tuo,
697 2024 787 2098 inquit
805 2019 869 2081 En·

189 2099 270 2174 nius,
286 2117 317 2160 ut
330 2103 440 2179 equites
460 2098 578 2179 Scaptio
596 2099 632 2158 ad
651 2104 801 2178 pecuniam
819 2123 870 2161 co·

191 2177 310 2257 gendum
335 2179 459 2252 darem,
481 2200 528 2239 me
546 2199 648 2261 rogare
673 2179 684 2236 i
709 2200 746 2237 an
769 2198 823 2253 tu,
845 2184 869 2242 si

190 2275 302 2318 mecum
321 2258 414 2332 effes,
436 2262 484 2338 qui
498 2258 598 2319 scribis
623 2259 749 2318 morderi
774 2278 803 2319 te
823 2263 869 2327 in,-

186 2337 301 2398 terdum
316 2338 397 2419 qubd
417 2361 476 2397 uon
493 2342 578 2399 simul
600 2341 657 2410 sis,
677 2358 806 2418 paterere
820 2361 867 2402 me

177 2415 220 2476 'id
238 2415 350 2493 intere,
373 2422 397 2479 si
417 2420 524 2479 vellem
543 2420 554 2480 ἒ
575 2423 642 2480 Non
666 2421 804 2501 arnplius,
822 2424 869 2480 in·

186 2497 271 2576 quis,
289 2503 495 2579 quinquaginta.
521 2498 598 2560 Cum
616 2499 752 2579 Spartaco
775 2503 867 2564 minius

185 2577 268 2638 multi
276 2580 372 2658 primu
383 2579 506 2640 fuerunt.
519 2578 603 2657 Quid
614 2579 731 2640 tandem
743 2578 785 2640 isti
800 2584 867 2646 mali

185 2656 215 2714 in
229 2674 291 2718 tam
313 2676 413 2720 tenera
431 2659 520 2719 insula
544 2682 604 2721 non
632 2657 759 2721 fecissent
775 2662 786 2721 i
804 2686 865 2725 non

185 2733 316 2798 feciffent
335 2757 432 2800 autem
449 2739 459 2799 ?
476 2742 567 2802 immo
585 2741 653 2864 Quid
667 2758 733 2802 ante
753 2744 866 2805 adven-

185 2831 246 2876 turn
262 2838 363 2878 meum
380 2841 440 2879 non
452 2818 582 2882 fecerunt
598 2867 605 2881 .
621 2821 759 2881 inclusum
772 2826 801 2882 in
813 2846 865 2882 cu·

184 2895 224 2954 ria
235 2895 365 2958 senatum
373 2899 530 2962 habuerunt
543 2902 728 2963 Salaminium
740 2906 779 2961 ita
791 2905 865 2960 tnui.

184 2991 230 3036 tos
245 2975 307 3037 dies
319 3021 329 3052 ,
340 2996 371 3041 ut
380 2982 539 3045 interierint
548 2983 677 3046 nonnulli
693 2982 770 3042 fame
782 3001 788 3037 :
802 2998 863 3060 erat

651 3058 734 3139 M'iij
