2117 3984
233 485 292 536 AD
307 468 513 536 Arucvn
530 466 616 534 Lin.
635 466 718 533 VII.
748 489 812 559 291

141 583 246 645 sarem?
257 583 307 642 ubi
317 580 373 642 illae
385 578 449 640 sunt
462 580 556 640 densae
568 577 712 641 dexterae?
728 600 819 652 nam,

137 665 217 725 'utilli
229 662 286 722 hoc
299 661 418 733 liceret,
437 658 555 738 adjuvi,
575 679 690 741 rogatus
705 661 740 718 ab
755 659 817 740 ipso

140 743 283 805 Ravennae
295 741 332 800 de
345 738 444 800 Coelio
455 743 572 800 tribuno
586 740 695 820 plebis:
710 739 745 798 ab
755 740 818 822 ipso

140 823 251 886 autem?
271 822 361 881 etiam
377 841 394 878 a
410 816 503 880 Cnaeo
522 817 640 893 nostro,
656 820 685 876 in
703 818 753 879 illo
769 821 818 880 di·

139 907 202 964 vino
222 903 310 964 tenio
329 898 484 959 consulatu.
503 899 599 959 Aliter
616 896 753 958 sensero?
772 907 821 962 al·

140 981 224 1062 lium
241 1002 304 1040 non
321 978 495 1059 Pompeium
513 980 625 1051 modb‚
642 977 692 1037 sed
710 984 820 1057 τςὸις,

140 1069 177 1124 ul
195 1059 334 1142 Tguiahc.
356 1057 521 1137 Πκλυὶῖιμις
543 1086 588 1135 pn
608 1062 726 1134 πςότωι
747 1059 820 1126 ilas-

140 1139 203 1216 χιῖυ
218 1141 354 1208 zaetaelu'rd
366 1157 373 1195 :
387 1137 473 1216 quis?
489 1156 519 1196 tu
538 1136 597 1216 ipse
608 1136 735 1207 scilicet,
752 1136 819 1196 lau-

140 1217 217 1280 dator
228 1218 263 1276 δι
280 1215 421 1276 saelorum
440 1218 472 1276 &
489 1216 656 1295 scriptorum
674 1235 819 1279 meorum.

141 1295 217 1358 Hanc
233 1315 266 1358 er
289 1318 309 1356 o
325 1297 441 1377 plagam
461 1294 549 1376 effugi
570 1317 623 1377 per
643 1296 715 1356 duos
735 1295 820 1378 supe·

139 1378 222 1438 tiores
276 1377 450 1436 arcellorum
465 1376 650 1448 consulatus,
668 1396 758 1456 quum
778 1377 819 1440 est

141 1455 226 1518 aem
241 1456 281 1516 de
302 1458 454 1536 provincia
467 1455 604 1517 Caesaris:
624 1476 701 1515 nunc
719 1458 819 1521 incido

143 1537 333 1598 indiscrimen
354 1535 456 1616 ipsum.
475 1535 578 1617 Itaque
595 1554 627 1595 ut
644 1534 742 1597 stultus
759 1541 821 1618 pri·

138 1637 197 1680 anns
214 1615 297 1678 suam
320 1615 490 1676 sententiam
507 1617 610 1688 dicat,
638 1616 709 1675 mihi
731 1618 819 1681 valde

138 1697 227 1780 placet
246 1697 287 1757 de
306 1697 453 1836 triumffho
474 1719 529 1757 nos
541 1696 653 1784 'moliri
676 1696 785 1778 aliquid
807 1719 818 1772 ;

136 1795 213 1840 extra
239 1778 347 1837 urbem
369 1798 385 1836 e
408 1797 425 1837 e
453 1796 518 1836 cum
540 1775 691 1853 justissima
709 1777 816 1840 causa:

137 1875 229 1920 nmen
249 1857 362 1916 dabunt
382 1879 401 1917 ο
423 1877 530 1930 eram,
558 1874 590 1916 ut
616 1855 729 1917 eliciant
749 1857 817 1919 sen-

137 1941 256 2000 tentiam
271 1957 380 1998 meam.
395 1879 516 1996 liidebis
534 1934 591 1996 hoc
605 1936 673 1996 loco
686 1936 817 2001 fortaffe:

137 2018 221 2100 quim
232 2018 344 2078 vellem
356 2019 444 2077 etiam
456 2037 531 2077 nunc
545 2018 575 2076 in
591 2019 740 2095 provincia
754 2040 817 2080 mo·

138 2099 215 2160 nril
240 2097 328 2178 plane
349 2119 424 2178 opus
444 2095 520 2170 fuit,
538 2098 563 2155 si
581 2095 637 2154 hoc
656 2099 817 2175 impende·

138 2177 208 2240 bat:
230 2180 287 2238 etsi
308 2178 349 2236 nil
369 2178 496 2238 miserius
517 2196 527 2248 3
549 2195 617 2234 nam
638 2173 686 2236 23⁸*
701 2179 817 2252 πέςιρΐιι

137 2259 205 2320 volo
223 2275 254 2320 te
270 2257 328 2319 hoc
341 2257 429 2318 sciret
446 2259 545 2317 omnia
558 2255 606 2313 illa
623 2255 734 2331 prima,
750 2276 815 2334 quae

137 2340 221 2400 eliam
237 2339 296 2398 tuis
314 2338 414 2397 litteris
429 2340 459 2396 in
475 2336 581 2395 coelum
600 2332 734 2404 ferebas,
755 2337 816 2396 im'-

139 2421 216 2484 mlu
232 2417 358 2478 fuerunt.
381 2415 484 2494 Quam
503 2436 565 2474 non
586 2411 626 2473 est
644 2411 734 2471 facilis
755 2415 815 2473 vir-

137 2497 324 2578 tanlquam
351 2499 424 2557 verb
453 2494 576 2554 difficilis
601 2490 664 2571 ejus
685 2493 817 2556 diuturna

138 2577 278 2638 simulatio
301 2581 309 2636 l
341 2577 445 2655 Quum
466 2576 545 2635 enim
571 2574 628 2633 hoc
648 2572 757 2633 tellum
783 2576 815 2638 δι

137 2655 292 2738 gloriosum
310 2674 442 2736 putarem
452 2676 489 2716 ex
501 2676 597 2714 annuo
610 2652 670 2713 sum
692 2671 743 2727 tu,
766 2661 815 2738 qui

136 2737 202 2796 mihi
218 2737 354 2798 decretus
375 2734 466 2808 ess'et,
485 2754 532 2795 me
554 2733 591 2795 C.
610 2676 708 2796 Coeiio
728 2736 818 2817 quaes·

135 2818 188 2878 tori
205 2817 282 2878 telin
302 2837 372 2877 uere
390 2836 540 2887 annuum,
560 2813 666 2875 referre
687 2818 717 2872 in
745 2835 832 2877 aera·.

134 2897 206 2958 lium
224 2896 265 2957 ad
316 2895 353 2958 -S
372 2895 428 2959 cb
448 2916 460 2970 3
485 2896 625 2976 ingemuit
644 2891 739 2954 nostra
762 2912 819 2952 co·

133 2975 200 3040 liora
205 3021 220 3052 ,
229 2995 324 3040 omne
335 2976 406 3039 illud
415 2992 517 3059 putans
529 2972 722 3110 distribuiNsiln
732 2991 820 3051 opor·

696 3070 718 3129 ¹]
