2117 3984
257 437 325 510 266
360 429 782 503 ...Errsrorn

252 550 304 610 tari
318 566 326 604 :
342 563 375 603 ac
397 542 469 602 mihi
486 544 603 606 videtur
629 559 756 616 matrem,
771 541 880 619 valde,
900 561 931 608 ut

250 625 337 687 debet
357 667 367 697 ,
388 644 485 684 amare
506 670 516 700 ,
544 643 632 707 teque
653 619 771 684 mirifici
791 644 799 682 :
821 623 873 685 sed
892 623 932 686 est

247 724 388 786 magnum
405 704 477 764 illud
487 706 622 787 quidem,
640 723 844 766 verumtamen
861 707 933 766 mul·

245 785 340 865 tiplex
361 787 445 867 pueri
465 788 611 869 ingenium
623 806 632 857 ;
645 806 704 866 quo
724 805 782 868 ego
804 805 836 845 re
857 786 933 848 endo

248 864 347 927 habeo
377 869 487 949 negotii
513 866 587 927 satis.
617 865 772 944 Quoniam
799 805 935 946 redpondi

247 945 402 1028 postremae
419 964 475 1007 tuae
493 949 604 1029 paginae
628 947 720 1026 primi
739 945 807 1005 mea
830 965 840 1020 ;
859 965 936 1008 nune

251 1027 290 1089 ad
312 1030 433 1112 primam
453 1046 581 1089 revertar
601 1044 691 1086 tuam.
708 1025 934 1107 Peloponnesias

251 1110 381 1169 civitates
407 1127 508 1169 omnes
528 1110 683 1167 maritimas
706 1104 785 1181 elle,
811 1105 934 1168 hominii

252 1210 313 1249 non
328 1207 475 1267 nequam,
498 1186 547 1247 sed
568 1190 655 1248 etiarn
671 1206 723 1247 tuo
741 1185 851 1264 judicio
873 1206 936 1268 pro·

250 1269 331 1342 bati,
347 1267 509 1329 Dicaearchi
526 1268 628 1329 tabulis
645 1267 775 1327 credidi:
792 1268 818 1326 is
841 1267 935 1350 multis

253 1349 419 1410 nominibus
429 1393 438 1421 ,
448 1350 478 1406 in
489 1347 697 1429 Trophoniana
712 1345 861 1408 Cheronis
870 1369 937 1408 nar·

254 1434 367 1493 ratione
379 1473 389 1502 ,
404 1427 525 1490 Graecos
544 1431 573 1488 in
585 1448 623 1487 eo
635 1427 823 1507 reprehendit
835 1471 846 1501 ,
860 1425 938 1508 quod

257 1531 338 1573 mare
358 1528 417 1567 tam
436 1508 525 1569 secuti
541 1508 603 1569 sunt
620 1527 629 1580 ;
649 1528 703 1567 nec
724 1507 817 1567 ullum
832 1509 867 1566 in
882 1505 939 1570 Pe·

256 1589 419 1673 loponneso
434 1590 531 1651 locum
548 1590 671 1669 excipit:
688 1608 779 1670 quum
791 1587 865 1647 mihi
874 1607 939 1650 auc·

258 1689 305 1733 tor
326 1672 452 1753 placeret
465 1669 479 1750 (
492 1671 600 1730 etenim
613 1685 673 1729 erat
685 1667 894 1744 iropuln‘loa,
911 1667 941 1730 dt

257 1755 370 1813 vixerat
377 1754 407 1809 in
417 1747 639 1831 Peloponneso)
652 1746 813 1807 admirabar
826 1764 940 1824 tamen,

256 1833 319 1904 dt,
342 1833 393 1890 vix
418 1831 604 1903 accredens,
633 1827 849 1888 communicavi
865 1848 943 1892 ,cum

259 1911 411 1990 Dionysio
425 1930 433 1968 ι
446 1926 533 1991 atque
546 1911 569 1967 is
608 1909 682 1968 rimh
701 1905 742 1967 est
757 1891 943 1986 cdmmotus3

259 1991 388 2063 deinde,
407 1990 487 2069 quod
502 2009 563 2050 tum
595 2010 611 2049 e
630 1988 683 2050 isto
697 1985 874 2050 Dicaeatcho
885 2009 944 2051 non

261 2074 355 2132 minus
371 2069 446 2130 bene
466 2069 664 2144 existimabat,
685 2067 772 2148 qudm
795 2086 828 2129 tu
848 2070 887 2130 de'
909 2067 946 2138 C.

260 2150 421 2225 Vestorio,
438 2172 494 2236 ego
513 2153 550 2212 de
566 2150 610 2211 M.
629 2150 757 2222 Cluvio,
777 2170 839 2210 non
858 2150 947 2212 dubi·

261 2231 359 2307 tabat,
400 2234 448 2292 uin
465 2236 493 2293 ei
511 2232 704 2293 crederemus.
724 2227 860 2291 Arcadiae
878 2251 947 2292 cen·

262 2313 343 2374 lebat
359 2254 415 2373 ede
435 2313 571 2393 Lepreon
593 2311 741 2393 quoddam
758 2313 942 2374 maritimum:

263 2393 348 2455 Tene
364 2409 460 2453 autem
473 2395 505 2454 ὃ(
514 2392 670 2473 Aliphera,
685 2391 717 2450 ὃ(
728 2387 821 2461 Tritia
835 2395 948 2458 indultu

264 2477 294 2536 ei
307 2474 479 2535 videbantur
496 2495 506 2547 3
527 2476 614 2555 idque
633 2478 673 2548 τᾷ
682 2478 730 2531 τοῖν
743 2476 797 2530 rtt't't
810 2471 948 2550 κιτιλοΤρ

265 2553 478 2628 confirmabat,
497 2556 547 2613 ubi
568 2555 678 2613 mentio
697 2572 757 2609 non
775 2548 809 2611 fit
821 2547 948 2610 istorum

265 2633 365 2712 Atque
383 2632 466 2692 illum
480 2654 537 2715 ego
556 2634 654 2693 lo'cum
673 2630 798 2690 totidem
821 2629 917 2691 verbis
932 2649 950 2689 a

264 2711 438 2773 Dicaearcho
458 2713 593 2773 transtuli.
614 2712 751 2773 Phliasios
773 2729 873 2771 autem
894 2709 952 2771 dici

265 2793 407 2867 sciebam,
431 2793 460 2851 ὃ(
487 2796 526 2853 ita
545 2793 589 2853 fac
609 2812 641 2853 ut
655 2791 759 2851 habeas
778 2812 787 2863 ;
803 2812 863 2862 nos¹
886 2791 953 2874 qui-

268 2876 337 2935 dem
356 2875 395 2933 tic
415 2872 573 2933 habemus:
590 2872 639 2934 sed
650 2874 742 2953 primo
756 2892 805 2932 me
820 2873 953 2946 iteam!-

267 2956 441 3039 deceperat,
465 2959 574 3029 Φλιές,
596 2953 705 3028 θ’πές,
727 2957 814 3030 Mc
838 2973 849 3027 ;
873 2948 955 3036 qubd
