2117 3984
245 465 304 516 Ar>
318 449 524 516 Arrrcurt
543 447 628 517 ΜΒ.
644 444 713 518 ΙΧ.
745 470 816 543 409

135 580 209 622 nore
228 565 321 644 rogari
339 583 399 622 non
418 563 454 621 sit
472 558 535 637 jus3
548 578 684 639 pratores
702 579 818 637 autem,

138 661 226 722 quum
246 645 285 703 ita
308 659 446 724 rogentur
468 658 499 700 ut
525 642 643 723 collegae
667 642 817 703 consulum

138 725 213 796 sint,
234 742 359 803 quorum
376 719 420 781 est
439 718 531 798 majus
553 722 713 800 imperium.
733 724 818 784 Abe-

137 804 172 861 rit
194 824 255 861 non
281 803 367 882 longe
389 845 399 875 ,
425 803 495 880 quin
515 800 571 859 hoc
595 823 611 859 a
634 821 680 860 me
701 802 815 863 decerni

135 882 229 955 velit,
251 902 345 961 neque
366 883 402 941 sit
421 896 574 940 contentus
597 879 715 954 Galba,
734 881 813 942 Sca-

134 963 232 1035 vole,
251 959 375 1033 Cassio,
395 959 539 1020 Antonio.
552 962 615 1021 Τότε
630 988 675 1036 μοι
690 964 762 1036 χάνοι
774 969 828 1021 ω’-·

134 1048 191 1119 pria
214 1040 289 1117 χθῶν.
312 1040 369 1101 Sed
393 1059 499 1121 quanta
520 1038 673 1119 tempestas
696 1044 817 1119 impen-

135 1119 205 1180 deat
217 1165 227 1194 ‚
245 1121 337 1180 vides.
351 1119 415 1199 Qui
426 1123 588 1181 transierint
598 1119 741 1180 senatores
752 1120 818 1179 scri-

134 1199 203 1259 ham
229 1199 265 1258 ad
286 1219 315 1261 te
335 1246 344 1273 ‚
368 1222 457 1282 quum
481 1220 591 1261 certum
612 1201 736 1261 habebo.
763 1198 826 1261 De'

135 1300 169 1341 re
186 1280 371 1341 frumentaria
388 1280 462 1340 telle
480 1281 634 1361 intelligi53
652 1303 714 1359 quae
735 1281 816 1341 nullo

135 1360 227 1421 morlo
250 1359 435 1420 administrari
462 1365 521 1421 sine
543 1361 727 1441 velligalibus
754 1381 815 1441 po·

135 1437 210 1500 test:
232 1461 286 1500 nec
308 1445 370 1501 siue
392 1439 474 1501 causa
490 1442 522 1501 &
541 1462 616 1513 eos,
636 1443 684 1520 qui
707 1443 813 1500 circum

135 1521 216 1580 illum
237 1520 327 1593 sunt,
357 1524 456 1581 omnia
480 1519 676 1599 postulantes,
697 1520 729 1580 &
750 1521 817 1581 bel-

136 1599 197 1660 lum
214 1601 353 1662 nefarium
367 1606 460 1663 times.
480 1600 649 1661 Trebatium
668 1599 817 1674 nostrum,

136 1683 191 1742 e'tsi
209 1725 219 1754 ,
239 1700 271 1742 ut
293 1682 388 1741 scribis
409 1726 419 1755 ‚
440 1681 510 1741 nihil
529 1681 605 1742 bene
624 1679 743 1761 sperat,
765 1700 813 1741 ta-

137 1779 206 1822 men
229 1762 328 1822 videre
348 1761 414 1821 sane
434 1763 543 1821 velim:
565 1782 651 1841 quem
672 1761 717 1821 sac
739 1759 824 1821 hor-¹

135 1844 231 1914 tetis,
256 1858 287 1901 ut
311 1859 472 1922 properet:
496 1842 660 1922 opportune
681 1844 759 1901 enim
776 1842 813 1901 ad

135 1940 186 2000 me
207 1941 273 1983 ante
297 1922 454 1982 adventum
474 1919 593 1981 Caesaris
613 1924 736 1981 venerit.
761 1920 811 1983 De

136 2001 291 2062 Lanuvino
307 2000 399 2063 statim
413 2019 444 2062 ut
458 2002 553 2074 audivi
568 2001 721 2060 Phameam
739 2022 815 2059 mor·

135 2100 243 2155 tuum,
262 2086 380 2163 optavi,
398 2086 422 2142 si
437 2082 528 2140 modo
552 2078 620 2139 esset
642 2080 736 2139 futura
755 2081 814 2141 res·

135 2160 280 2242 publica,
300 2180 331 2223 ut
349 2162 378 2223 id
401 2163 501 2243 aliquis
522 2177 633 2220 emeret
650 2180 781 2220 meorum
802 2181 812 2231 ;

136 2260 235 2322 aeque
252 2260 348 2302 tamen
368 2243 405 2302 de
428 2260 482 2314 te,
507 2244 556 2320 qui
575 2240 697 2298 maxime
713 2259 815 2314 meus,

137 2323 263 2404 cogitavi
283 2342 291 2380 ε
308 2322 430 2382 sciebam
447 2323 524 2382 enim
543 2338 572 2380 te
594 2335 687 2399 quoto
706 2340 782 2379 anno
802 2364 814 2393 ‚

133 2401 170 2462 ,δι
184 2420 322 2483 quantum
342 2405 371 2461 in
391 2403 470 2477 solo,
490 2400 581 2461 solere
599 2420 746 2481 quarere3
764 2418 815 2459 ne-

158 2501 195 2542 ue
219 2481 311 2542 solinu
335 2481 460 2555 Romae,
479 2482 527 2541 sed
546 2483 633 2541 etiam
649 2479 720 2541 Deli
730 2498 813 2539 tuum

157 2565 283 2644 ‘gamma
293 2562 433 2622 videram.
444 2562 653 2622 Verumtamen
663 2581 718 2643 ego
727 2562 814 2634 illud,

138 2663 313 2724 quamquam
334 2641 373 2702 est
394 2643 524 2717 bellum,
542 2644 660 2701 minoris
681 2639 812 2713 aestimo,

137 2722 225 2803 quim
253 2720 443 2783 aestimabatur
468 2723 639 2783 Marcellino
666 2722 779 2782 consule
802 2765 813 2789 ‚

177 2824 228 2863 um
243 2822 301 2884 ego
316 2801 384 2862 istos
398 2803 530 2862 hortulos
547 2821 665 2884 propter
677 2802 815 2871 domum,

188 2884 220 2942 tii
245 2903 332 2964 quam
354 2899 416 2942 tum
437 2884 580 2943 habebam
603 2928 612 2954 ‚
632 2881 816 2960 jucundiores

134 2963 207 3024 mihi
228 2960 292 3024 sore
305 2963 466 3041 putabam,
484 2964 516 3025 &
535 2965 647 3024 minore
664 2961 809 3041 impensi,
828 3013 833 3022 ,

179 3047 280 3107 Tomus
298 3044 384 3106 XIII.
676 3041 695 3102 S
