2117 3984
88 309 124 362 ις
145 286 223 360 sed,
244 305 277 348 ιιι
297 276 444 364 conjicio,
464 276 603 366 quon'iam
625 276 697 349 m'ihi

88 369 193 432 rideris
210 370 242 428 in
262 365 354 448 Epiro
374 367 423 428 diu
445 365 525 428 fuisse
541 414 550 441 ‚
568 370 695 430 redditas

89 471 132 512 on
148 451 299 512 arbitror:
320 468 410 532 genus
428 463 525 507 autem
544 470 694 524 mearum,

89 559 91 570 ·
112 531 237 614 quidem
258 575 268 603 ,
294 529 452 590 litterarum
471 526 613 606 ejusmodi
633 531 694 592 fero

88 631 200 674 utnon
218 610 310 671 libeat
325 613 460 691 cuiquam
476 609 566 685 dare,
584 614 638 671 nisi
657 612 694 672 de

89 713 116 756 ιι
138 693 271 754 loratum
292 692 328 751 sit
346 692 398 752 ribi
417 710 485 750 eum
505 692 695 752 redditurum.

89 715 256 836 Jfomanas
272 791 318 832 res
332 774 440 853 accipe.
461 769 500 829 Α.
519 771 548 830 d.
562 790 601 830 ιιι
617 772 696 833 Non.

89 869 108 916 ι
128 853 258 916 Sufenas
280 853 313 912 &
332 851 411 913 Cato
430 850 570 912 absoluti:
591 851 695 912 Proci-

89 935 300 998 oodemnatus.
314 931 357 992 Ex
373 954 434 1015 quo
447 932 624 994 intelleaum
636 931 695 1008 est,

89 1017 255 1090 navitas
274 1015 437 1084 ambitum,
455 1017 591 1089 comitia,
609 1019 697 1076 inter·

89 1113 128 1158 on
137 1137 150 1170 ‚
160 1091 364 1174 majestatem,
377 1113 469 1156 totam
482 1094 608 1178 denique
621 1116 695 1157 rem·

89 1195 152 1236 mm
165 1177 256 1236 flocci
272 1173 454 1238 nonfacere.
475 1174 627 1238 Debemus
645 1200 695 1258 pa·

102 1255 227 1318 familiis
249 1256 331 1316 domi
353 1255 409 1316 suae
432 1258 564 1318 occidere
586 1259 695 1331 nolle,

89 1355 111 1398 a
125 1355 221 1398 umen
242 1337 273 1397 id
295 1335 387 1418 ipsum
408 1339 543 1396 abundo:
563 1359 630 1396 narn
646 1339 697 1396 ab·

89 1431 240 1480 mmm!
249 1462 259 1490 ‚
268 1419 498 1478 condemnarunt
508 1435 631 1477 xxvur.
643 1416 696 1478 Pu·

100 1495 167 1560 ἰπὶ
182 1499 291 1560 diserto
308 1501 428 1581 epilogo
445 1501 599 1558 criminans
614 1518 697 1557 men·

89 1579 198 1640 rdicum
210 1599 355 1642 moverat.
368 1580 507 1640 Hortalus
521 1582 551 1639 in
566 1600 601 1639 ea
615 1578 697 1638 causa

90 1659 344 1738 mjusmodisolet.
357 1659 422 1721 Nos
432 1661 556 1722 verbum
570 1659 698 1720 nullum:

89 1761 102 1802 ι
121 1739 165 1804 est
183 1744 263 1802 enirn
283 1742 408 1823 pusilla,
427 1761 490 1821 quae
512 1762 590 1802 nunc
609 1741 698 1801 labo·

89 1841 122 1884 oe
138 1825 270 1882 animum
285 1826 315 1882 in
334 1822 435 1882 Pubfio
451 1820 624 1885 offenderet.
640 1823 696 1885 His

89 1923 95 1964 ι
111 1901 183 1964 offis
202 1903 320 1964 Reatini
339 1923 388 1964 me
406 1903 444 1962 ad
464 1902 512 1964 sua
533 1911 621 1980 τίμπι
642 1905 697 1966 du·

90 2001 114 2029 n
170 1997 203 2029 uf
229 2003 346 2028 annum
374 1982 485 2027 mnsam
514 2005 550 2027 on
584 2007 613 2027 m
647 1985 696 2027 Ῑσι-
