2117 3984
93 743 97 752 ,
187 681 226 736 ita
247 675 316 735 nihil
339 674 379 736 est
399 721 409 750 ,
436 694 468 735 ut
487 676 573 756 plane

189 428 235 508 γρ
371 403 678 472 Enterotm

187 517 265 578 bello
288 514 445 576 refrixerat.
467 515 603 576 Metellus
624 514 665 576 est
684 512 790 574 consul.
804 513 868 582 fiel

186 598 280 657 bonus
294 639 304 667 ‚
320 596 351 655 &
364 617 419 655 nos
435 595 593 656 admodum
609 595 720 678 diligit:
734 595 783 655 ille
800 597 868 658 alte

614 676 663 736 uid
688 679 795 735 emerit
817 677 868 738 nel

186 755 262 816 sciar.
281 753 355 816 Haec
377 754 487 816 suntin
509 697 680 836 republica,
707 755 762 814 nisi
784 757 868 822 etiam

185 836 256 896 illud
281 835 319 895 ad
341 835 551 914 rempublicam
576 854 660 916 putes
690 837 867 916 pertinereg

186 915 366 976 Herennium
385 915 569 995 quemdam,
590 916 735 976 tribunum
755 915 868 995 plebis,

184 998 319 1056 tribulem
341 1011 447 1069 tuum,
471 993 536 1055 sane
555 994 705 1056 hominem
722 1015 760 1056 ne
784 1016 868 1072 uam,

185 1095 270 1156 atque
293 1094 428 1157 egentem
442 1073 625 1154 ‚smpejam
646 1076 683 1136 de
703 1074 736 1135 P.
799 1075 867 1158 odiq

186 1158 222 1214 ad
235 1156 352 1236 plebem
364 1156 541 1216 traducendo
557 1178 573 1214 a
592 1175 640 1216 ere
655 1153 789 1235 coepiffe:
803 1155 868 1218 huie

185 1227 350 1318 frequenter
366 1236 560 1297 interceditur.
608 1235 742 1308 aecsunt,
758 1253 791 1296 ut
807 1239 868 1316 opii

186 1336 261 1394 not,
282 1320 312 1376 in
332 1336 363 1376 re
386 1318 489 1375 ublica.
509 1314 573 1396 Ego
594 1334 711 1390 autem,
730 1333 763 1376 ut
782 1313 868 1378 send

186 1395 338 1456 Nonarum
359 1338 469 1456 diarum
489 1394 722 1469 Decembrium,
743 1392 867 1482 junflam

185 1478 313 1548 invida,
330 1496 363 1534 ac
377 1476 532 1535 multorum
548 1477 720 1551 inimicitiis,
731 1475 867 1538 eximiam

187 1557 373 1637 quamdam,
404 1574 490 1637 atque
518 1555 713 1616 immortalem
743 1557 868 1636 gloriam

187 1636 355 1697 consecutus
373 1635 433 1696 sum
439 1656 450 1710 ;
470 1657 531 1695 non
550 1633 642 1695 destiti
658 1635 764 1696 eddem
779 1633 868 1700 animi

185 1716 380 1796 magnitudine
395 1722 424 1775 in
441 1716 588 1794 republica
603 1714 729 1788 versari,
744 1715 778 1776 δι
789 1715 868 1782 illan

185 1794 338 1856 institutam
359 1817 392 1855 ac
412 1794 570 1874 susceptam
588 1789 757 1876 dignitatem
773 1797 867 1858 tueri&

111 1893 121 1904 ·
185 1875 235 1938 sed
256 1874 352 1956 postea
375 1874 461 1954 quim
483 1878 608 1953 primirm
631 1872 731 1936 Clodii
751 1873 868 1938 absolui

185 1959 264 2017 tione
281 1957 453 2027 levitatem,
472 1953 665 2014 infirmitatem
688 1976 724 2015 ue
742 1951 867 2032 judicio·-¹

184 2057 248 2096 rum
263 2035 412 2117 perspexi3
428 2035 535 2094 deinde
558 2034 619 2095 vidi
637 1977 748 2095 nollros
768 2036 866 2115 publi·

185 2138 272 2176 canos
288 2115 370 2175 facile
387 2138 402 2173 a
418 2115 514 2175 senatu
530 2112 675 2196 disjungi,
692 2135 866 2196 quamquam

185 2219 202 2256 a
219 2195 344 2277 meipso
362 2217 422 2255 non
445 2196 667 2266 divellerentur3
685 2213 746 2254 tum
767 2213 866 2256 autem

184 2279 285 2338 beatos
312 2279 443 2337 homines
468 2275 480 2355 (
504 2278 558 2334 hos
575 2274 745 2412 piscinarios
769 2274 863 2348 dico,

184 2363 292 2419 amicos
320 2356 418 2435 tuos)
446 2376 506 2413 non
534 2355 653 2413 obcure
681 2354 766 2413 nobis
787 2355 865 2417 inri-

184 2439 269 2498 dere:
282 2436 397 2516 putavi,
411 2434 481 2492 mihi
490 2431 615 2511 majores
629 2432 763 2514 quasdam
775 2453 865 2515 opes,

183 2515 359 2575 &firmiora
380 2514 511 2593 praesidia
529 2514 585 2575 effe
607 2516 783 2594 querenda:
804 2517 863 2575 ita-

182 2615 239 2676 que
261 2596 385 2674 primbm
410 2614 477 2653 eurn
499 2639 508 2667 ‚
534 2596 583 2673 qui
607 2595 727 2653 nimiitm
750 2594 800 2653 diu
826 2593 863 2656 de

182 2675 266 2734 rebus
285 2672 384 2733 nostris
404 2691 529 2734 tacuerat
544 2719 553 2747 ,
568 2672 739 2752 Pompeium
757 2673 863 2734 adduxi

181 2759 211 2815 in
235 2774 300 2813 eam
326 2754 535 2827 voluntatem,
563 2774 595 2813 ut
619 2755 649 2812 in
678 2753 773 2814 senatu
798 2773 861 2812 non

182 2834 290 2905 semel,
309 2832 358 2893 sed
377 2832 472 2914 saepe,
496 2832 646 2913 multisque
665 2835 761 2894 verbis
777 2831 862 2910 hujus

182 2916 253 2977 mihi
270 2913 389 2978 salutem
402 2916 516 2998 imperii
533 2958 545 2989 ,
571 2932 659 2995 arque
675 2915 753 2977 orbis
771 2931 863 2982 terra·

799 3014 865 3056 rum
