2117 3984
241 506 314 579 472
429 479 735 558 Epzszonn

244 600 372 662 dollrina
394 637 405 667 ,
428 613 524 675 neque
542 615 581 656 ex
598 594 677 666 libris
695 614 705 669 ;
724 614 793 656 nain
814 591 845 660 id
864 596 930 679 qulae'

243 682 310 748 dem
327 678 408 738 domi
424 674 486 749 est;
504 675 558 742 sed,
569 675 664 746 nescio
681 696 742 757 quo
760 677 856 738 modo
874 682 930 740 im·

242 760 375 822 becillior
398 756 440 818 est
463 758 641 831 medicina,
666 757 756 838 quiin
778 759 898 820 morbus
917 779 930 818 s

242 841 306 901 haec
331 840 429 919 potius
451 841 613 917 conquire,
633 838 672 898 de
696 836 846 918 Hispaniis
861 838 931 913 „de

242 919 392 981 Massilia:
412 938 475 997 quae
494 918 613 997 quidem
631 916 695 977 satis
715 918 795 978 bella
815 917 929 980 servius

243 1000 346 1062 affert:
365 1000 413 1081 qui
426 999 514 1057 etiam
529 998 565 1057 de
581 997 693 1070 duabus
707 998 876 1081 legionibus
889 999 930 1060 lu-

243 1083 374 1141 culentos
397 1078 526 1148 aullores
546 1075 604 1138 elle
628 1078 755 1140 dicebat.
782 1078 858 1142 Haec
875 1081 929 1162 igi-

243 1180 289 1222 tur
308 1164 332 1219 si
348 1158 486 1232 habebis,
506 1158 538 1217 &
555 1159 642 1220 talia:
662 1160 694 1219 &
714 1158 837 1240 quidein
860 1182 931 1241 pau·

244 1245 283 1302 cis
305 1241 405 1300 diebus
426 1239 533 1318 aliquid
556 1239 646 1299 audiri
663 1235 779 1300 neceffe
798 1238 851 1300 est.
872 1238 925 1301 sed

243 1321 334 1384 redeo
349 1320 386 1380 ad
397 1318 539 1380 Servium.
553 1318 722 1380 Dillulimus
736 1324 864 1383 omnino
878 1319 928 1382 ser·

243 1422 364 1463 monem
376 1404 406 1462 in
418 1400 581 1480 posterum:
597 1398 647 1460 sed
657 1399 756 1462 tardus
771 1402 809 1462 ad
822 1422 930 1464 exeun·

244 1484 334 1544 dum:
351 1482 442 1542 multo
455 1480 484 1540 fe
499 1485 529 1540 in
542 1479 592 1540 suo
607 1478 712 1542 lellulo
729 1482 839 1555 malle,
854 1482 931 1564 quid·

244 1561 416 1642 quidforet.
436 1559 564 1622 Odiosus
584 1559 730 1641 scrupulus
750 1562 789 1623 de
809 1561 863 1624 filii
879 1565 930 1624 mi·

248 1643 309 1705 litia
331 1642 513 1703 Brundisina.
539 1641 639 1702 Unum
667 1641 738 1701 illud
766 1641 931 1706 firmissimis

246 1722 443 1796 affeverabat,
463 1726 486 1782 si
505 1723 633 1782 damnati
652 1720 887 1798 restituerentur,
903 1727 932 1788 in

245 1805 376 1865 exsilium
396 1804 424 1865 se
440 1806 555 1864 iturum.
577 1802 639 1873 Nos
653 1805 821 1874 nutemnd
843 1805 931 1878 haec,

246 1884 279 1943 &
296 1883 326 1942 id
343 1883 436 1963 ipsum
451 1885 531 1943 certo
547 1879 631 1956 fore,
649 1883 704 1957 δι,
722 1904 791 1964 quae
809 1882 867 1963 μω
882 1881 931 1944 fie·

245 1959 341 2039 bant,
367 1983 428 2026 non
447 1961 504 2024 effe
522 1963 656 2035 levioia;
676 1965 825 2047 multaque
847 1963 929 2024 colli-

245 2045 383 2127 gebamus
396 2066 403 2104 :
423 2045 527 2106 verum
541 2064 575 2103 ea
589 2065 649 2106 non
662 2047 794 2105 animum
807 2042 867 2124 ejus
879 2066 929 2104 au·

221 2126 377 2207 ,gebant·‚
404 2125 452 2186 sed
480 2126 641 2199 timorem,
663 2142 695 2186 ut
716 2122 775 2203 jam
795 2125 931 2188 celandus

244 2203 516 2347 llll-”llll
529 2206 651 2345 {llll
661 2206 933 2348 sllllllllll

246 2364 310 2428 Nos
327 2389 345 2425 a
359 2386 388 2427 te
401 2308 543 2427 alluoniti
559 2366 596 2425 de
613 2364 713 2438 Coelio
731 2369 934 2449 cogitabimus·

356 2482 521 2546 Cicnno
547 2485 718 2546 Arrlco'
742 2486 831 2574 ἃμ.

249 2573 595 2687 s-5.Ssnv1usquu1n
610 2603 679 2665 effet
692 2608 774 2687 apud
790 2625 854 2679 me,
868 2601 928 2665 Ce-

246 2683 344 2764 phalio
364 2709 429 2747 cum
447 2691 502 2747 tuis
519 2688 620 2746 litteris
636 2704 674 2746 v1
692 2686 736 2748 ld.
752 2689 933 2768 yeni13quae

247 2766 332 2827 nobis
351 2789 484 2850 magnam
501 2767 582 2845 spem
600 2767 759 2827 attulerunt
774 2769 931 2830 meliorum

246 2866 342 2908 terum
372 2850 408 2910 de
434 2847 500 2907 ollo
523 2846 691 2907 cohortibus
715 2869 722 2907 :
746 2852 858 2924 etenim
887 2849 932 2907 hae

247 2947 365 3010 quoque
388 2974 398 3003 ‚
422 2948 484 3008 quae
507 2930 538 2985 in
560 2929 602 2987 his
627 2930 701 3004 locis
724 2927 814 3006 sunt,
837 2929 934 2990 labare.

248 3006 390 3078 dicuntur.
402 3009 518 3082 Eodem
527 3008 575 3070 die
584 3007 774 3082 Funisulanus
787 3032 805 3072 a
817 3029 848 3074 se
860 3027 935 3086 atoue
