2117 3984
270 471 335 532 Ab
353 463 567 530 Arrrcuru
585 461 671 529 Lru.
690 461 741 529 II.
798 487 862 537 101

196 575 257 652 ulle,
267 577 298 639 se
311 582 343 638 in
357 575 488 657 auspicio
498 573 590 637 fuille.
605 576 636 638 O
649 577 747 637 suaves
758 576 869 657 epillo·

190 659 298 719 hstuas
325 679 391 718 uno
413 674 548 736 tempore
571 657 642 716 mihi
669 658 746 717 datas
768 658 867 718 duas:

187 740 275 820 quibus
289 737 439 811 ιυίγΓιλικ
458 757 523 816 quae
541 738 662 797 reddam
679 737 793 797 nescio:
811 739 867 799 de·

183 819 234 880 beri
246 818 376 900 quidem
389 816 476 896 plane
489 815 594 877 fateor.
610 816 668 878 Sed
683 817 751 878 vide
764 817 865 891 copad-

182 925 252 978 ppa-
272 897 460 957 Emerseram
480 898 637 957 commode
654 917 690 957 ex
706 896 816 956 Antiati
834 900 865 957 in

181 979 306 1060 Appiam
328 977 368 1036 ad
386 973 464 1036 Tres
483 977 618 1037 tabernas
639 978 709 1056 ipsis
732 975 868 1036 Cereali·

181 1057 247 1132 bus,
266 1077 361 1140 quum
378 1059 411 1116 in
428 1076 476 1118 me
491 1058 610 1117 incurrit
628 1055 724 1117 Romi
742 1060 866 1119 veniens

182 1135 266 1200 Curio
287 1158 376 1199 meus
401 1156 409 1195 τ
437 1136 549 1198 ibidem
572 1138 640 1197 ilico
665 1158 738 1219 puer
762 1139 865 1200 abste

184 1237 244 1277 tum
267 1217 415 1299 epistolis.
438 1215 492 1278 Ille
513 1238 550 1278 ex
574 1238 649 1291 me,
675 1218 783 1279 nihilne
810 1240 866 1277 au·

184 1297 276 1359 dillem
295 1300 401 1359 novi:
430 1317 488 1379 ego
507 1318 622 1379 negare.
645 1296 789 1371 Publius,
820 1301 867 1357 in-

202 1382 261 1454 uit,
276 1376 478 1439 Tribunatum
490 1378 583 1458 plebis
601 1381 684 1460 petit.
701 1378 783 1456 Quid
801 1379 865 1439 ais?

186 1401 214 1518 dl
232 1459 453 1519 inimicissimus
478 1459 596 1538 quidem
625 1456 766 1529 Caesaris,
783 1458 814 1515 &
834 1474 867 1518 ut

186 1544 295 1613 omnia,
310 1540 432 1619 inquit,
451 1536 501 1610 ista
519 1538 668 1599 rescindat.
687 1536 772 1615 Quid
793 1535 869 1595 Cae-

187 1617 246 1680 lar?
262 1622 396 1699 inquam.
411 1618 509 1700 Negat
525 1618 554 1678 se
569 1621 721 1698 quicquam
740 1619 776 1676 de
793 1618 869 1679 illius

189 1699 339 1780 adoptione
362 1696 467 1758 tulille.
488 1696 605 1759 Deinde
625 1697 735 1771 suum,
763 1696 867 1758 Mem-

190 1781 251 1852 uli,
270 1780 392 1840 Metelli
412 1776 539 1859 Nepotis
558 1781 737 1860 exprompsit
754 1778 866 1842 odium.

191 1856 363 1941 Complexus
389 1856 529 1938 juvenem
558 1861 679 1933 dimisi,
708 1881 866 1940 properans

195 1939 226 1998 ad
240 1939 386 2021 epistolas.
409 1938 471 1999 Ubi
490 1939 582 2013 sunt,
609 1942 658 2019 qui
682 1943 760 1999 aiunt
782 1940 868 2019 {olan

178 2022 283 2092 ,periri
300 2020 413 2102 quantb
432 2023 523 2101 magis
539 2022 599 2079 vidi
617 2041 653 2079 ex
671 2023 726 2079 tuis
744 2021 843 2079 litteris
856 2035 871 2095 ,'
925 2073 927 2078 .

197 2096 273 2174 quim
290 2121 326 2161 ex
344 2102 421 2162 illius
443 2109 598 2175 immone,
618 2102 687 2180 quid
707 2116 839 2183 ageretur
858 2145 869 2173 ,

202 2179 234 2235 de
245 2183 426 2244 ruminatione
441 2183 628 2262 quotidiana,
643 2182 678 2239 de
691 2183 868 2261 cogitatione

199 2253 306 2334 Publii,
324 2261 357 2324 de
377 2263 456 2323 lituis
475 2261 642 2332 edraim»,
672 2260 707 2318 de
729 2259 869 2339 signifero

197 2336 371 2417 Athenione,
391 2343 430 2402 de
449 2342 551 2401 litteris
567 2342 660 2399 missis
675 2339 711 2397 ad
728 2337 870 2411 Gnaeum,

197 2417 226 2477 de
243 2418 462 2504 Theophanis,
492 2421 682 2499 Memmiique
704 2419 835 2480 sermone
856 2420 869 2480 ἓ

198 2494 334 2575 Quantam
355 2505 446 2584 porrb
469 2501 541 2559 mihi
557 2500 797 2579 exspeelationem
817 2500 868 2559 de·

197 2577 246 2639 disti
261 2586 390 2644 convivii
405 2581 483 2645 istius
497 2579 632 2651 artavis?
645 2580 715 2642 Sum
731 2583 760 2640 in
775 2582 868 2640 curio·

196 2660 265 2722 sitate
285 2661 453 2733 lldaeartoe:
484 2660 534 2720 sed
555 2678 650 2721 tamen
671 2662 754 2721 facile
774 2664 867 2741 patior

195 2753 218 2797 te
232 2742 258 2800 id
275 2742 312 2801 ad
329 2762 378 2802 me
399 2747 546 2819 συμπόσιοι
565 2760 624 2799 non
638 2740 778 2813 scribere;
793 2764 866 2821 prae-

195 2815 291 2882 lentem
311 2823 413 2882 audire
442 2820 534 2879 malo.
563 2819 658 2898 Qubd
677 2842 724 2882 me
746 2840 777 2881 ut
796 2822 869 2880 scri·

194 2898 251 2960 bam
274 2903 407 2983 aliquid,
428 2901 571 2960 hortaris:
593 2901 691 2961 crescit
710 2903 781 2961 mihi
800 2903 869 2979 qui-

194 2978 251 3043 dem
265 2985 422 3055 materies,
437 2996 470 3041 ut
482 2979 569 3041 dicis:
586 2980 635 3042 sed
648 2999 709 3042 tota
723 3002 768 3039 res
783 2984 869 3040 etiam

692 3059 717 3121 a
737 3059 765 3138 a,
