2117 3984
228 509 292 563 AD
307 479 505 562 Aritium
523 495 609 563 ιιι,
625 493 707 564 VII.
744 515 809 587 333

131 607 192 672 lere
210 625 285 688 puto
301 630 315 669 ι·
330 608 380 668 sed
395 627 512 683 tamen,
528 629 665 691 quantum
689 612 808 690 potetis.

133 687 195 772 Ego
210 690 235 749 si
246 689 317 770 quid
327 689 371 747 hic
384 690 471 749 hodie
483 693 553 749 novi
564 711 693 771 cognoro
702 733 711 761 ‚
721 690 809 749 'st-ies:

134 767 191 848 iant
209 771 291 830 enini
318 769 440 829 aderunt
458 769 587 830 consules
613 770 650 828 ad
669 768 729 828 suas
750 769 817 829 Nc·

134 869 194 910 nas.
213 847 295 908 Tuas
313 850 442 928 quotidie
464 852 569 910 litteras
584 849 638 922 exs
653 848 816 907 ettabmd

135 929 183 990 lm
199 948 297 990 autem
310 971 320 1000 ,
333 949 421 1008 quum
441 931 549 1009 poteris
562 975 570 1002 ‚
590 872 736 988 reliribes.
747 927 817 986 Mu·

136 1009 218 1070 lieres
234 1009 268 1070 &
287 1006 445 1070 Cicerones
461 1013 491 1068 in
506 1010 661 1070 Formiano
678 1010 793 1088 reliqui.

145 1135 149 1144 '
216 1123 406 1186 'Cicnno
434 1123 596 1187 Arrico
625 1123 708 1188 Sti.
764 1197 766 1204 Ι

139 1215 259 1312 21.De
272 1245 354 1305 malis
370 1241 469 1304 nostris
481 1259 512 1301 tu
528 1247 604 1323 priiis
621 1247 716 1320 audis,
728 1246 814 1328 quim

137 1345 191 1420 ego
208 1323 312 1386 :istinc
338 1327 417 1384 enim
440 1341 599 1392 emanant:
620 1326 689 1388 boni
719 1347 813 1386 autem

138 1405 202 1474 ltine
216 1406 299 1488 :quod
319 1402 483 1483 exspeeles‚
503 1404 572 1464 nihil
587 1402 643 1464 est.
662 1407 740 1466 Veni
756 1406 816 1468 Ca·

158 1486 273 1547 naniad
288 1484 389 1544 Nonas
401 1484 485 1542 Febr.
502 1485 541 1542 ita
554 1502 583 1541 ut
596 1481 726 1560 jullerant
744 1508 816 1545 con-

138 1505 210 1626 ltles
226 1585 234 1623 ι
253 1565 292 1626 eo
317 1565 362 1625 die
383 1563 519 1624 Lentulus
538 1567 618 1641 venit
638 1564 699 1623 sero
718 1586 725 1623 :
746 1566 817 1626 alter

138 1643 235 1716 eonfitl
256 1647 376 1706 omnino
392 1665 452 1703 non
468 1662 587 1704 venerat
603 1662 653 1703 vu
674 1643 750 1704 ldus.
770 1645 814 1705 Eo

139 1727 215 1796 euim
233 1725 281 1786 die
304 1745 360 1806 ego
387 1722 647 1803 Capua-discessi,
667 1725 699 1784 &
724 1728 816 1786 mansi

140 1801 257 1866 Calibus
276 1825 284 1866 ι
300 1805 367 1864 inde
387 1805 436 1862 has
462 1804 567 1864 litteras
594 1802 728 1883 postridie
748 1824 815 1866 ante

140 1885 232 1946 lucem
251 1886 330 1948 dedi.
347 1884 439 1955 Haec,
460 1881 568 1963 Capuae
587 1885 736 1955 domiui,
758 1909 814 1946 co·

158 1967 226 2034 novi
237 2003 249 2040 3
259 1965 328 2026 nihil
338 1968 367 2024 in
384 1963 542 2023 consulibus
554 2009 563 2037 ‚
574 1966 683 2025 nullum
695 1965 813 2045 usquam
914 2033 916 2038 ¹

174 2043 279 2106 lelium
300 2066 307 2104 ι
327 2065 380 2106 nec
411 2045 488 2103 enim
515 2047 722 2123 conquisitores
745 2064 814 2117 φαι-

141 2132 310 2206 urgomr‘i'r
327 2124 431 2184 audent
450 2168 458 2195 ,
479 2144 569 2203 quum
588 2125 635 2182 ille
653 2124 726 2183 adsit
746 2145 816 2183 con·

140 2203 181 2262 tri
196 2225 208 2277 3
224 2223 315 2284 quum
335 2203 428 2264 noller
447 2204 503 2262 dux
523 2202 659 2281 nusquam
676 2205 728 2274 sit,
746 2205 815 2263 nihil

140 2299 202 2366 agat
220 2303 228 2341 ι
251 2303 304 2364 nec
318 2287 435 2344 nomina
455 2284 542 2343 dant:
557 2282 652 2342 deficit
666 2287 743 2343 enirn
755 2306 815 2342 non

140 2363 297 2436 voluntas,
315 2361 364 2424 sed
384 2364 456 2444 spes.
474 2362 579 2424 Cnaeus
604 2381 700 2423 autem
721 2362 815 2422 noster

140 2450 153 2518 (
161 2442 183 2506 ὃ.
195 2443 407 2508 'remmiseram
425 2446 456 2503 &
473 2445 687 2504 incredibilem!
699 2443 712 2525 )
727 2461 758 2503 ut
769 2462 823 2503 tn-·

140 2541 183 2584 tus
193 2520 271 2602 jacet
282 2523 359 2585 lnon
373 2527 483 2584 animus
501 2524 556 2597 est,
575 2546 634 2585 non
646 2525 814 2600 consilium,

141 2619 197 2664 non
216 2607 309 2682 copiae
326 2615 337 2678 ’,
353 2617 414 2664 'non
435 2604 591 2685 diligentia.
611 2606 725 2665 Mittam
746 2606 814 2681 illa,

142 2681 288 2766 fingamab
307 2684 376 2745 urhe
394 2687 607 2764 turpissimam,
625 2685 815 2746 timidissimas

141 2765 168 2822 in
184 2763 302 2844 oppidis
327 2767 502 2837 conciones,
523 2767 733 2847 ignorationem
754 2788 824 2824 non·

141 2840 229 2904 solinu
245 2843 417 2916 aduersarii,
429 2844 574 2905 sedetiam
592 2846 702 2905 suatum
715 2848 816 2922 copia·

141 2943 201 2982 nnn
221 2944 228 2982 ι
251 2925 310 2985 hoc
328 2922 487 3002 cujusmodi
511 2925 551 2986 est
568 2925 578 2984 i
595 2945 647 2986 v11
667 2925 710 2984 ld.
732 2923 817 2982 Febr.

142 2999 274 3085 Capuam
287 3003 326 3068 C.
338 3003 455 3069 cassius
466 3006 595 3070 tribunus
612 3005 704 3087 plebis
717 3004 817 3074 reniti
