2117 3984
217 459 287 534 aot·
399 461 703 529 Erremus

213 578 322 637 minum
341 572 529 653 exspeiietur.
546 570 631 636 Nunc
646 573 740 632 venio
753 569 792 632 ad
810 569 902 652 καρῇ

212 655 325 718 versum
337 655 430 734 ‘illum
451 671 588 714 extremae
596 667 598 672 ·
607 649 738 731 epistolae
753 669 818 712 tuae·
830 673 900 714 ver·

212 737 355 806 siculum,
370 738 401 793 in
420 754 482 815 quo
496 753 547 793 me
563 733 704 794 admones
719 732 756 792 de
771 732 872 796 sorore
889 755 900 794 τ

218 837 283 898 quae
306 837 352 876 res
378 813 407 874 se
428 817 471 873 sic
490 813 586 874 habet.
610 811 652 873 Ut
669 815 739 874 veni
757 815 789 872 in
807 813 903 896 Arpi·

214 917 289 969 nas,
310 915 396 976 quum
413 894 449 952 ad
464 914 512 954 me
530 893 617 953 frater
632 891 773 968 venitin,
794 897 825 954 in
843 897 903 978 pri·

215 980 271 1036 mis
294 977 378 1036 nobis
401 973 524 1047 sermo,
550 972 625 1054 isque
650 973 758 1034 multus
780 1017 792 1048 ,
813 973 904 1050 d'e'2te

217 1056 290 1116 fuit:
312 1074 426 1134 ex.quo
453 1075 510 1136 ego
527 1057 596 1113 veni
619 1053 732 1128 adea,
794 1075 819 1114 ae
837 1055 902 1116 fiie·

216 1157 311 1196 ramus
335 1154 392 1216 ego
416 1134 447 1194 &
474 1153 504 1194 tu
527 1135 671 1194 internos
696 1134 732 1194 de
765 1137 900 1208 ororeju

217 1211 379 1276 Tusculano
401 1214 519 1274 locuti:
549 1215 617 1274 nihil
636 1233 695 1274 tam
713 1215 776 1276 vidi
798 1217 869 1278 mite
890 1259 901 1292 ,

216 1291 288 1355 nihii
303 1311 362 1356 tum
377 1297 541 1374 placatum,
560 1294 645 1375 quim
661 1312 730 1356 tum.
741 1313 825 1356 meus
842 1295 903 1356 fm-

217 1395 262 1438 ter
281 1393 342 1437 erat
362 1379 392 1434 in
411 1374 539 1436 sororem
559 1395 637 1435 tuam
658 1395 668 1447 ·‚
695 1394 727 1436 ut
746 1377 837 1438 etiarn
850 1378 903 1450 ,ιεί

219 1479 276 1538 qua
300 1455 392 1517 fuerat
413 1476 450 1516 eu
474 1457 585 1515 ratione
609 1454 722 1534 sumpta
746 1453 903 1532 offensio,

219 1558 280 1598 non
302 1553 463 1618 appareret.
485 1534 543 1596 Illo
564 1539 603 1594 sic
628 1535 685 1595 die.
707 1534 849 1597 Postridie
866 1555 903 1598 ex

220 1617 354 1698 Arpinati
376 1615 497 1697 profe&
524 1616 618 1675 sumus
643 1636 650 1673 ι
674 1634 705 1675 ut
731 1618 761 1675 in
785 1619 903 1678 Arcano

222 1695 350 1774 Quintus
366 1714 514 1770 maneret,
530 1696 592 1755 dies
604 1693 690 1769 fecit;
705 1717 762 1778 ego
779 1696 906 1779 Aquini3

220 1777 271 1837 sed
285 1776 449 1856 prandimus
464 1779 493 1835 in
509 1777 646 1836 Arcano:
663 1775 734 1836 nosti
750 1777 828 1839 hunt
842 1767 906 1838 ἕω·

221 1857 306 1930 dum3
320 1856 379 1937 quo
388 1874 420 1917 ut
431 1859 584 1927 venimus,
597 1855 906 1938 humanissimeQuin·

221 1955 289 2009 tus,
308 1935 490 2016 Pomponia,
510 1939 623 2016 inquit,
640 1954 672 1996 tu
690 1939 782 1998 invita
798 1939 906 2016 mulie-

221 2038 267 2078 res
279 2061 290 2090 ,
304 2037 361 2098 ego
376 2018 506 2076 arcivero
518 2018 607 2078 viros.
619 2016 699 2077 Nihil
706 2020 808 2097 potuit
817 2063 827 2093 ‚
837 2019 906 2080 miii

222 2098 340 2178 quidem
353 2116 385 2158 ut
397 2096 489 2158 visum
500 2095 563 2171 est,
576 2097 704 2172 dulcius,
715 2098 804 2180 idque
819 2119 906 2180 quum

222 2179 341 2252 uerbis,
362 2197 423 2238 tum
445 2179 533 2238 etiam
555 2180 675 2250 animo,
694 2200 727 2238 ae
747 2181 843 2241 vultu.
867 2181 906 2242 Ar

222 2260 289 2337 illa,
302 2259 481 2320 audientibus
496 2259 601 2331 nobis,
619 2257 682 2339 Ego
699 2258 778 2334 sum,
793 2263 906 2342 inquit,

224 2340 271 2400 hic
292 2339 421 2420 hospita:
437 2339 468 2398 id
486 2356 584 2398 autem
601 2358 637 2397 ex
658 2358 716 2411 eo,
732 2358 764 2400 ut
782 2343 906 2421 opinor,

225 2421 306 2499 quod
333 2417 518 2481 antecefferat
538 2418 670 2491 Statius,
697 2434 730 2478 ut
754 2421 906 2499 prandium

226 2502 312 2560 nobis
327 2501 449 2562 videret.
465 2497 545 2558 Tum
561 2497 710 2577 Quintus,
729 2497 798 2574 En,
818 2503 906 2582 inquit

223 2581 325 2652 mihi,
350 2581 413 2640 haec
436 2600 492 2662 ego
512 2582 606 2659 patior
626 2578 770 2702 ‘imme'
790 2579 906 2656 Dices,

224 2659 320 2738 quid,
337 2657 456 2738 quaeso,
475 2657 544 2718 istuc
564 2676 624 2718 erat
641 2705 648 2718 .
672 2660 838 2741 Magnum
855 2663 906 2722 ita·

246 2757 281 2798 ue
301 2757 351 2796 me
368 2737 459 2817 ipsunt
477 2758 678 2800 commoverat
696 2760 712 2806 :¹
731 2742 772 2800 sic
790 2741 906 2804 absurdi

224 2758 259 2878 ἓ(
287 2815 386 2896 aspere
417 2817 516 2878 verbis
544 2819 685 2899 vultuque
712 2821 906 2902 responderat

225 2895 414 2960 Dissimulavi
435 2897 565 2956 dolens:
590 2900 783 2962 discubuimus
806 2923 906 2964 omnes

226 2997 330 3059 preter
341 2978 438 3054 illrum
451 2981 497 3040 cui
509 2996 604 3041 tamen
617 2979 749 3060 Quintus
761 2983 799 3046 de
815 2981 906 3046 meust
