2117 3984
277 457 343 552 358
456 454 759 518 ΕΡιετοικιΙ

268 573 336 651 peio
357 569 418 627 sine
437 584 518 627 metu
540 568 653 626 vivere.
675 561 724 621 Tu
745 605 754 634 ‚
773 578 873 641 puto,
892 560 957 623 haec

268 649 369 709 eredis.
390 647 469 720 Sed,
486 667 575 727 quum
593 646 655 704 haec
672 642 831 702 scribebam
847 659 873 700 v
889 641 957 702 Kal.

265 729 423 808 Pompeius
446 725 503 804 jam
525 725 709 786 Brundisium
728 720 840 783 venisse
863 741 956 801 pote-

266 827 330 870 rat:
354 808 506 889 expeditus
526 810 605 866 enim
622 802 809 866 antecederat
821 802 955 884 legiones

267 890 399 951 lucerii.
421 889 479 948 Sed
498 888 554 946 hoc
575 890 649 964 rigae
673 885 804 944 horribili
822 884 953 965 vigilan·

265 972 307 1030 tii
320 1016 328 1043 ‚
342 969 505 1041 celeritate,
520 966 669 1047 diligentii
685 963 735 1028 est.
751 963 861 1038 Plane,
882 963 954 1045 quid

266 1051 390 1111 futurum
412 1052 472 1122 sit,
494 1047 600 1108 nescio.
764 1069 767 1076 ·

361 1165 525 1228 Crceno
556 1163 722 1224 Anrrco
754 1163 841 1224 sir.

268 1250 572 1349 ioDronnsrus
598 1304 687 1363 quum
713 1283 750 1341 ad
771 1303 820 1343 me
842 1304 949 1366 prater

262 1371 433 1451 opinionem
456 1385 551 1424 meam
571 1362 692 1423 veniffet
713 1406 723 1435 ‚
745 1364 860 1427 locutus
885 1367 947 1429 sum

264 1458 329 1511 cuni
342 1470 379 1509 eo
399 1446 618 1507 liberalissime:
641 1463 776 1522 tempora
800 1447 949 1527 exposui:

264 1533 365 1612 rogavi
378 1573 387 1602 ,
401 1545 432 1587 ut
452 1528 560 1586 diceret
577 1525 646 1605 quid
658 1523 777 1584 haberet
789 1528 817 1583 in
829 1530 947 1589 animo:

265 1632 312 1671 me
336 1609 405 1667 nihil
427 1607 462 1665 ab
482 1605 545 1687 ipso
562 1608 654 1664 invito
674 1605 866 1669 contendere.
883 1605 947 1672 Re-

263 1690 398 1771 spondit,
415 1686 464 1761 se,
480 1687 559 1765 quod
577 1688 607 1744 in
625 1685 790 1744 nominibus
806 1687 947 1776 haberet,

262 1769 370 1830 nescire
387 1788 445 1847 quo
466 1768 523 1825 loci
540 1765 628 1837 effen
647 1766 718 1825 alios
735 1786 797 1826 non
810 1767 946 1845 solvere,

262 1850 383 1909 aliorum
400 1846 478 1905 diem
501 1846 631 1905 nondum
650 1844 706 1905 esse
730 1865 737 1903 :
766 1847 839 1908 dixit
856 1852 946 1910 etiam

261 1929 315 1989 alia
331 1928 462 2008 quaedam
484 1926 521 1984 de
541 1926 658 1985 servulis
677 1925 753 1998 suis,
775 1947 862 2006 qnare
883 1949 948 1990 no-

261 2008 369 2068 biscum
392 2003 448 2067 effe
475 2026 535 2065 non
561 2006 661 2085 podet.
692 2007 810 2066 Morem
838 2012 945 2090 gessi:

261 2089 353 2150 dimisi
379 2108 395 2144 a
419 2106 487 2158 me,
508 2105 540 2146 ut
556 2085 718 2167 magistrum
740 2084 941 2165 Ciceronum,

260 2191 320 2230 non
333 2169 484 2239 lubenter3
500 2187 531 2227 ut
543 2168 691 2226 hominem
701 2170 846 2248 ingratum
858 2215 867 2243 ,
880 2191 941 2230 non

260 2253 375 2310 invitus.
394 2247 486 2306 Volui
502 2264 530 2308 te
548 2247 640 2322 scire,
661 2248 731 2327 quid
748 2267 806 2329 ego
824 2250 861 2311 de
879 2248 941 2329 ejus

258 2329 333 2391 fado
353 2327 520 2408 judicarem.

269 2451 272 2455 '
357 2444 521 2507 Cicero
556 2445 726 2507 Arrrco
756 2445 844 2508 Sn'r..

263 2530 455 2650 rnQuoo
476 2586 523 2626 me
542 2586 648 2647 magno
670 2567 758 2624 animi
775 2581 857 2626 motu
871 2586 940 2648 pet·

256 2646 402 2705 turbarum
427 2664 509 2726 putas
519 2667 529 2718 ;
551 2646 611 2706 sum
631 2646 788 2725 equidem,
806 2643 858 2708 sed
876 2669 938 2709 non

255 2742 314 2785 tam
334 2747 468 2808 magno,
489 2726 575 2805 quim
593 2728 645 2785 tibi
664 2725 778 2787 fortaffe
801 2727 935 2790 videor:

255 2807 371 2868 levatur
382 2808 459 2867 enim
476 2809 571 2865 omnis
586 2827 673 2880 cura,
690 2828 781 2886 quum
797 2826 847 2868 aut
865 2830 936 2870 con·

254 2885 322 2948 stitit
339 2886 517 2959 consilium,
540 2905 588 2946 aut
610 2888 766 2969 cogitando
787 2892 859 2950 nihil
880 2910 935 2951 ex-

249 2967 395 3049 plicaturi
413 2967 563 3030 lamentari
577 2986 674 3032 autem
686 2969 777 3033 licet:
794 2971 867 3032 illud
887 2987 935 3030 ta·
