2117 3984
267 496 336 568 330
454 472 753 542 Errsrora

263 606 333 648 nest
350 585 411 668 ipse
425 606 492 649 cum
509 587 596 649 fratre
613 584 747 669 Capuam
763 585 801 647 ad
818 584 951 652 consules

265 666 392 746 (Nonis
420 671 500 730 enim
528 666 623 730 adeffe
646 666 717 747 jussi
745 666 875 751 sumus‘)
899 683 949 730 ιιι

262 745 345 808 Non.
367 748 512 829 prosedas
535 749 626 823 sum,
654 768 743 829 quum
765 749 817 809 bas
839 749 949 812 limnas

263 827 344 888 dedi.
374 829 521 911 Responsa
544 829 679 909 Pompeii
697 846 783 911 grata
798 829 914 970 populo
936 861 946 906 ,-

265 909 299 968 &
317 910 437 989 probata
453 909 588 971 concioni
606 906 662 969 effe
678 908 821 970 dicuutur.
851 927 882 970 ta

264 1005 366 1049 taram.
391 989 469 1069 Quae
493 990 614 1071 quidem
638 989 687 1049 ille
715 992 739 1048 si
762 989 943 1070 repudians,

266 1065 398 1146 jacebit:
423 1073 447 1130 si
472 1090 539 1131 acce
562 1072 633 1132 erit.
709 1067 818 1131 Utrum
835 1073 948 1153 igitur,

264 1150 396 1228 inquies,
411 1150 521 1211 mavis?
535 1092 598 1210 des
614 1150 754 1210 onderem
765 1194 774 1222 ‚
785 1152 811 1209 si
823 1193 834 1224 ,
848 1170 949 1232 quem·

267 1229 425 1289 admodum
453 1233 544 1311 parati
563 1250 580 1290 e
602 1250 683 1291 emus
704 1274 715 1302 ‚
736 1228 848 1290 scirem.
870 1229 949 1292 Cas·

267 1311 341 1368 sium
355 1329 416 1372 erat
427 1310 476 1370 hic
492 1309 622 1371 auditum
638 1307 789 1390 expulsum
802 1308 949 1387 Ancone,

265 1407 388 1471 eamque
410 1392 513 1452 urbem
534 1390 652 1450 anobis
669 1392 772 1450 teneri.
792 1389 823 1450 Si
838 1389 949 1452 bellum

265 1467 393 1531 futurum
403 1469 461 1544 est,
475 1472 625 1553 negotium
634 1470 714 1530 utile.
727 1468 875 1530 Caesarem
885 1473 948 1552 qui·

267 1550 356 1625 dem,
380 1551 414 1611 L.
437 1549 548 1612 Caesare
569 1571 635 1611 cum
655 1549 796 1610 mandatis
815 1549 855 1610 de
899 1569 947 1612 ace

268 1628 381 1704 misso,
409 1650 508 1692 tamen
534 1633 613 1691 aiunt
640 1630 777 1690 acerrime
803 1629 851 1691 del
920 1651 947 1690 m

266 1708 394 1781 habere,
411 1712 477 1772 loca
494 1730 659 1791 occupare,
676 1711 780 1769 vinciri
798 1711 948 1790 praesidiis.

266 1786 298 1847 O
323 1791 467 1867 perditum
487 1790 653 1851 latronem!
678 1787 709 1849 0
731 1792 781 1849 vix
802 1790 864 1850 ullo
886 1793 948 1852 otio

264 1869 509 1947 compensandam
530 1871 604 1928 hanc
631 1867 796 1948 reipublicae
819 1869 948 1950 turpitu-

266 1945 384 2006 dinem!
404 1948 463 2009 Sed
482 1949 653 2009 stomachari
669 1949 854 2020 desinamus,
872 1965 950 2010 tem·

264 2028 329 2104 pori
349 2048 518 2107 pareamus,
539 2050 606 2089 cum
627 2027 771 2109 Pompeio
788 2030 818 2088 in
837 2027 948 2109 Hispa·

264 2107 343 2165 niam
361 2128 458 2169 eamus
478 2130 486 2168 ι
507 2110 569 2168 haec
589 2125 663 2189 opto
682 2111 713 2170 in
737 2109 820 2167 malis
838 2128 848 2181 ;
868 2127 947 2190 quo-

265 2187 343 2245 niam
363 2188 438 2249 illius
454 2190 572 2250 alterum
587 2188 765 2251 consulatum
780 2209 798 2247 a
817 2188 948 2269 republi-

267 2286 301 2324 ca
327 2311 337 2341 ,
364 2289 401 2330 ne
430 2271 496 2329 dati
519 2270 638 2351 quidem
660 2270 812 2330 occasione
834 2269 948 2350 repuli·

262 2365 337 2407 mus.
354 2348 412 2410 Sed
431 2351 491 2409 haec
505 2350 650 2409 hedenus.
668 2345 716 2410 De
733 2348 884 2430 Dionysio
901 2347 948 2410 fil·

266 2429 307 2502 git
327 2449 375 2489 me
393 2431 428 2489 ad
445 2447 474 2489 te
494 2447 579 2489 antea
594 2429 735 2490 scribere:
753 2428 802 2490 sed
819 2432 859 2490 ita
874 2451 946 2490 con-

264 2503 340 2565 stitui
358 2553 367 2581 ,
387 2508 549 2588 exspeiiare
569 2508 701 2589 responsa
721 2506 840 2569 Caesaris
851 2529 861 2581 ;
887 2525 945 2584 ut,

265 2585 290 2641 si
310 2587 346 2645 ad
367 2590 468 2649 urbem
487 2590 669 2663 rediremus,
687 2590 726 2647 ibi
750 2610 804 2650 nos
823 2587 945 2668 exspec-

265 2679 358 2737 taret3
375 2671 418 2727 sin
435 2669 542 2728 tardiirs
562 2670 590 2728 id
610 2669 711 2742 fieret,
727 2685 789 2728 tum
806 2687 874 2728 eum
893 2689 946 2727 ar·

265 2742 433 2807 cesseremus
451 2768 459 2805 ε
477 2751 598 2808 omnino
620 2751 688 2830 quid
704 2750 753 2808 ille
772 2749 867 2809 facere
891 2748 946 2809 de-

264 2824 358 2886 buerit
376 2828 406 2886 in
421 2826 519 2887 ¹nostra
534 2828 582 2887 illa
596 2828 683 2909 fuga,
704 2829 773 2909 quid
785 2827 873 2888 dodo
889 2829 947 2888 ho·

264 2907 386 2966 mine&
402 2910 495 2966 amico
508 2908 627 2988 dignum
641 2910 744 2981 fuerit,
763 2930 852 2989 quum
870 2929 945 2988 prae-

265 2986 479 3072 sertimrogatus
489 2986 642 3063 effer‚scio.
651 2989 708 3051 Sed
717 2990 779 3049 haec
790 3012 851 3051 non
861 2991 945 3050 nimis
