2117 3984
294 405 340 479 32
474 381 781 450 Eelsronn

293 517 412 581 ponas,
434 489 467 556 ἂ
481 496 506 555 si
525 495 608 577 quod'
625 494 702 556 aliud
720 500 806 558 nuzo
820 492 907 574 ejusl·

294 599 383 660 quem
407 597 467 637 non
488 578 629 659 ignoras,
650 576 797 656 reperies,
819 575 851 636 ἃ
876 597 907 636 m

295 661 439 739 me,quae
455 657 508 719 tibi
525 656 661 740 palestrae
698 657 907 737 ymnasiiqmer

294 739 404 802 buntur
427 737 511 801 esses
540 740 649 802 etenim
669 678 709 796 'rbi
728 735 829 796 sedens
853 738 907 798 hoec

295 836 336 882 nc·
346 820 504 881 scribebam
513 838 524 891 3
540 835 573 879 ut
590 816 740 884 melotus
757 816 816 896 ipse
836 818 907 878 adm

295 919 352 964 ret.
370 899 508 962 Praeterea
526 915 617 979 typos
633 898 686 964 tibi
704 896 836 971 mando,
856 915 907 981 quc

297 981 420 1043 nesiorio
440 979 537 1039 atrioli
556 980 666 1060 possim
686 977 832 1038 includere
846 977 907 1053 ,bc

298 1064 385 1124 realia
414 1059 536 1143 sigillata
563 1059 633 1119 cluo.
657 1055 871 1126 ,bibliothecam
898 1076 907 1120 1

296 1162 371 1204 cave
382 1141 518 1223 cuiquam
529 1135 727 1221 despondeas,
739 1142 870 1220 quamvis
881 1161 907 1204 ar

292 1240 466 1284 amatorem-
490 1224 635 1283 inveneris
653 1241 668 1289 a
691 1233 759 1279 narn
789 1239 846 1302 ego
875 1240 907 1281 or

297 1324 381 1366 meas
403 1302 596 1364 vindemiolas
619 1302 656 1363 eb
681 1300 827 1373 reservo,
853 1317 886 1362 ut

297 1384 458 1448 subsidium
485 1382 620 1444 senecioni
649 1402 759 1461 parem.
788 1379 838 1441 De
864 1379 906 1442 fra

300 1463 419 1526 confido
438 1467 478 1526 ita
495 1461 574 1536 effe,
591 1479 622 1523 ut
640 1462 754 1542 semper
769 1460 850 1521 volui
869 1459 902 1522 &

299 1546 421 1606 boravi:
440 1543 530 1604 multa
552 1547 633 1625 signa
658 1542 721 1603 sunt
749 1537 810 1619 ejus
831 1544 900 1614 rei3

300 1628 476 1697 minimum,
495 1624 575 1703 qubd
593 1624 674 1684 soror
693 1642 842 1702 praegnans
860 1617 906 1682 est

300 1707 425 1766 comitiis
443 1706 536 1779 meis,
557 1704 590 1763 ἃ
610 1703 661 1764 tibi
678 1722 726 1762 me
743 1698 899 1782 permisisse

300 1788 397 1860 mini,
416 1784 448 1845 &
467 1804 525 1866 ego
541 1781 715 1864 jampridem
734 1782 790 1842 hoc
814 1801 906 1842 comm

298 1866 365 1938 bus,
379 1866 497 1939 amicis,
516 1866 571 1944 qui
584 1882 614 1925 te
636 1860 816 1943 exspesiant,
835 1864 906 1942 praec

299 1959 332 2008 te
355 1966 416 2007 non
434 1944 525 2006 modi>
546 1964 607 2005 non
625 1942 783 2016 arcessam,
807 1942 860 2004 sed
878 1964 906 2023 pl

300 2024 380 2088 bebo
396 2046 412 2101 3:
432 2026 511 2106 qubd
531 2026 690 2107 intelligam
709 2024 801 2084 multb
822 2025 906 2106 magis

299 2105 403 2168 terelle
418 2107 488 2182 rui,
507 2125 538 2166 re
557 2126 663 2189 agere,
685 2105 765 2187 quod
783 2103 906 2187 agendus

299 2186 360 2250 boc
380 2207 539 2270 tempore,
563 2187 651 2269 quim
667 2187 753 2260 mei,
773 2202 803 2246 te
822 2184 906 2247 adesli

299 2271 410 2332 mitiis:
430 2267 554 2350 proinde
574 2288 613 2328 eo
633 2269 730 2327 animo
749 2285 777 2326 te
796 2267 886 2326 velim

302 2349 593 2490 fuaeiffmeipsegmii
612 2348 697 2407 causi
715 2349 755 2487 ip(
766 2343 816 2486 istfp
837 2348 903 2488 lpca

316 2449 378 2490 use
401 2449 444 2491 es.
498 2445 627 2488 cautem
639 2448 706 2488 cum
767 2449 786 2487 o
808 2447 845 2490 en
866 2441 897 2488 e's

303 2524 357 2584 te,
378 2508 411 2568 &
428 2508 555 2581 audies,
577 2511 656 2588 quasi
676 2507 768 2581 mibi,
787 2510 812 2568 si
827 2528 905 2588 qua·

287 2605 406 2662 xerunt,
424 2609 484 2647 non
499 2586 591 2646 modi>
607 2606 637 2649 te
655 2587 810 2668 praesente,
823 2588 872 2650 sed
888 2608 905 2669 p

326 2684 386 2728 arta
406 2670 471 2728 sint.
490 2666 619 2728 Tulliola
641 2669 699 2733 tibiv
711 2669 791 2734 diem
810 2669 880 2747 dat,
896 2673 905 2730 l

303 2689 400 2815 barem
417 2770 478 2813 non
495 2748 634 2833 appellat.
