2117 3984
456 475 581 527 AD
614 458 1024 528 Aru-cvm
1062 456 1238 531 Lm.
1277 461 1438 531 VII.
1494 483 1626 561 335

256 569 476 634 caesari
509 574 777 652 expediat
811 573 883 632 ad
920 573 1346 633 diuturnitatem
1376 574 1631 635 vifloriae

258 653 325 712 δι
370 655 830 726 dominationis3
877 653 976 713 sed
1002 653 1219 726 vide0‚
1260 674 1501 733 quorum
1547 679 1632 716 ar·

258 733 435 794 bitrio
476 735 548 795 sit
566 734 809 795 aelurus,
832 732 1011 793 Reeie
1044 736 1136 793 sit.
1164 734 1391 794 Censeo
1418 736 1633 796 ceden-

260 811 403 874 dum
444 813 524 874 de
564 836 601 874 o
648 809 809 893 p'idis·
832 814 919 872 his
957 834 971 871 ε
1009 833 1158 895 egeo
1192 816 1414 873 consilii
1438 836 1451 873 :
1474 817 1632 896 quod

260 915 299 952 ο
344 896 553 954 timum
657 894 746 954 &u
805 893 1096 954 videbitur
1136 937 1157 966 ‚
1204 893 1380 954 facies
1425 915 1440 952 ε
1500 916 1632 955 cum

260 913 581 1034 Pssnotimo
616 975 853 1056 loquere
876 994 890 1032 :
913 992 1082 1055 atque
1112 974 1261 1033 adeo
1297 973 1635 1036 Terentiam

264 1053 506 1114 habebis
545 1051 762 1115 Idibus.
799 1053 928 1135 Ego
963 1054 1103 1134 q'uid
1133 1075 1300 1136 agam
1333 1053 1356 1114 ?
1394 1056 1509 1136 quii
1540 1074 1639 1118 aut

264 1133 465 1208 terra³
505 1153 601 1195 aut
648 1137 792 1195 mari
839 1133 1144 1214 persequar
1183 1156 1314 1195 eum
1340 1181 1360 1210 ‚
1397 1138 1495 1216 qui
1541 1138 1641 1196 ubi

266 1217 341 1276 sit
368 1212 608 1276 nescio?
642 1218 752 1276 etsi
786 1216 938 1273 terra
969 1215 1204 1295 quidem
1273 1217 1329 1273 ui
1365 1215 1637 1294 possum?

265 1297 413 1354 mari
464 1315 582 1376 quo
625 1294 648 1354 ἓ
704 1293 958 1355 Tradam
998 1296 1168 1376 igitur
1206 1237 1290 1354 iai
1342 1315 1438 1355 me
1479 1297 1501 1356 ἓ
1549 1295 1641 1357 fac
1687 1363 1710 1368 -

232 1373 429 1456 ,posse
464 1376 591 1435 tutb
625 1395 645 1448 3
690 1376 854 1435 multi
889 1375 1043 1446 enim
1099 1376 1396 1435 hortantur
1438 1396 1452 1434 ε
1500 1398 1642 1436 num

270 1459 447 1516 etiam
487 1454 719 1516 honeste
769 1456 790 1514 ?
821 1456 980 1514 nullo
1020 1455 1221 1515 modo.
1264 1453 1477 1533 Quid?
1514 1479 1545 1515 a
1582 1475 1642 1517 te

270 1553 475 1618 petam
518 1537 860 1607 consilium,
894 1553 958 1595 ut
999 1533 1156 1596 soleo
1193 1535 1214 1595 ἓ
1250 1537 1522 1615 explicari
1556 1558 1647 1597 res

272 1637 397 1677 non
428 1614 650 1696 potest.
691 1616 809 1676 Sed
845 1633 1040 1675 tamen
1062 1660 1082 1687 ‚
1122 1618 1170 1675 si
1211 1618 1346 1697 quid
1383 1619 1442 1675 in
1482 1636 1648 1676 men-

274 1711 397 1758 tem
436 1698 637 1771 venit,
667 1697 850 1758 velim
883 1695 1091 1756 scribas
1111 1741 1130 1771 ‚
1163 1696 1229 1757 ὅτ.
1258 1696 1377 1777 ipse
1414 1696 1553 1777 quid
1573 1699 1647 1757 sis

276 1777 533 1838 aQurus.

282 1959 289 1966 ,
446 1892 776 1960 Cxczno
858 1897 1188 1957 Αττιοο
1291 1892 1461 1956 SAL.

284 1977 484 2113 2³·:Q
506 2034 592 2076 u1
611 2036 707 2077 m
727 2035 772 2077 0
823 2015 914 2076 Id.
946 2017 1125 2077 Febr.
1166 2015 1393 2095 vesperi
1441 2036 1475 2073 a
1506 2015 1648 2076 Phi-

282 2098 492 2159 lotimo
521 2097 735 2157 litteras
773 2101 969 2177 accepi
992 2116 1024 2169 ,3
1066 2095 1393 2155 Domitium
1428 2102 1650 2156 exerci-

283 2193 407 2238 tum
440 2176 668 2237 firmum
694 2178 901 2237 habere
931 2197 950 2249 3
980 2176 1250 2235 cohortes
1284 2195 1355 2234 ex
1394 2174 1606 2235 Piceno
1625 2223 1646 2252 ‚

285 2257 537 2320 Lentulo
566 2257 627 2316 &
657 2256 920 2317 Thermo
951 2256 1290 2316 ducentibus
1308 2298 1327 2327 ,
1356 2275 1488 2314 cum
1518 2255 1655 2316 Do-

282 2339 435 2398 mitii
469 2339 719 2397 exercitu
769 2335 1098 2415 conjunfiias
1147 2335 1259 2397 esse
1302 2354 1321 2407 ;
1363 2333 1653 2396 Caesarem

284 2417 591 2478 intercludi
617 2415 805 2496 posse,
826 2438 1074 2499 eumque
1102 2416 1163 2476 id
1187 2419 1390 2476 timere
1409 2437 1428 2488 3
1451 2418 1652 2478 bono-

286 2517 419 2558 rum
455 2500 680 2558 animos
718 2516 1003 2557 recreatos
1053 2497 1260 2557 Romae
1288 2541 1308 2570 ‚
1348 2497 1653 2576 improbos

292 2578 457 2660 quasi
490 2576 797 2658 perculso&
839 2578 986 2637 Haec
1021 2598 1220 2638 metuo
1269 2578 1541 2659 equidem
1574 2598 1651 2640 ne

294 2660 405 2718 sint
442 2656 664 2717 somnia
696 2678 710 2716 τ
738 2658 836 2718 sed
861 2675 1058 2718 tamen
1097 2659 1202 2719 M’.
1230 2658 1510 2737 Lepidum
1530 2703 1550 2731 ‚
1586 2657 1656 2721 L.

292 2737 660 2820 Torquatum
685 2782 702 2810 ,
737 2736 811 2799 C.
845 2737 1111 2800 Cassium
1143 2740 1433 2799 tribunum
1470 2739 1655 2819 plebis

294 2817 400 2899 (hi
435 2820 595 2879 enim
645 2818 769 2879 sunt
807 2818 1102 2879 nobiscum
1134 2864 1153 2892 ,
1188 2820 1249 2879 id
1283 2818 1366 2880 est
1411 2821 1469 2877 in
1514 2818 1660 2876 For·

296 2897 541 2979 miano)
587 2896 879 2959 Philotimi
918 2900 1118 2960 litterae
1148 2900 1220 2959 ad
1261 2902 1445 2960 vitam
1484 2917 1658 2956 revo-

297 2994 596 3043 caverunt.
629 2977 758 3061 Ego
803 2996 997 3043 autem
1033 2980 1132 3042 illa
1172 2996 1372 3042 metuo
1416 2995 1493 3038 ne
1539 2994 1656 3042 ve-
