2117 3984
246 474 308 525 An
330 410 542 525 Arrrcurr
558 458 643 528 Lrn.
664 460 694 529 Ι.
764 463 811 556 69

155 584 222 629 netu
236 570 327 629 suam.
347 567 462 629 Crassus
476 571 598 630 verbum
612 574 720 634 nullum
737 595 812 635 con-

148 665 176 708 tra
194 653 322 732 gratiam.
349 648 474 710 Ceteros
499 647 558 728 jam
580 651 649 710 nosti
669 675 678 725 ;
701 657 749 734 qui
770 658 811 715 ita

89 723 112 762 Ε
145 727 191 789 sunt
205 728 283 790 stulti
303 777 314 804 ,
347 747 380 789 ut
399 728 499 788 amissi
523 733 671 809 republici
691 734 809 812 piscinas

141 806 186 870 suar
204 810 270 871 fore
294 810 386 870 salvas
410 809 523 887 sperare
543 811 703 871 videantur.
726 813 809 875 Unus

138 887 233 970 estqui
250 907 355 963 curet,
371 887 529 949 constantii
548 912 595 949 ma
616 895 664 966 is,
686 893 718 951 &
738 896 809 954 inte-

161 972 249 1043 iate,
274 970 389 1051 quim,
415 985 447 1028 ut
468 969 538 1028 mihi
558 912 688 1043 vitietur,
711 978 813 1033 consi·

135 988 184 1123 ff,
201 1069 250 1111 aut
269 1051 415 1132 ingenio,
437 1046 537 1122 Cato;
555 1054 603 1130 qui
620 1052 737 1113 miseros
778 1077 813 1113 u·

136 1127 252 1192 blicanos
269 1176 281 1204 ‚
301 1151 377 1210 quos
396 1129 495 1189 habuit
514 1135 724 1192 amantissimos
747 1076 812 1208 sii,

136 1215 239 1270 tertium
263 1208 328 1288 jam
351 1209 480 1269 mensem
500 1228 605 1286 vexat,
623 1232 717 1293 neque
739 1216 772 1273 iis
793 1236 811 1274 a

89 1295 93 1306 '
135 1288 218 1352 senatu
230 1289 407 1371 responsum
421 1290 480 1349 dari
495 1295 619 1369 patitur:
635 1296 675 1352 ita
689 1314 743 1351 nos
760 1315 811 1353 co·

137 1374 215 1451 gimur
235 1372 363 1450 reliquis
387 1368 425 1429 de
452 1370 536 1429 rebus
559 1372 629 1431 nihil
654 1372 811 1433 decernere

137 1452 220 1525 ante,
248 1450 343 1531 quim
373 1448 532 1529 publicanis
559 1451 724 1530 responsum
751 1456 809 1512 sit:

236 1532 327 1591 etiarn
344 1530 505 1612 legationes
522 1529 658 1607 rejectum
676 1534 711 1589 iri
730 1550 813 1609 puto.

138 1550 218 1670 ffi
239 1611 323 1671 vides
337 1654 366 1688 ,ι
375 1609 477 1690 quibus
500 1610 629 1670 fluffibus
651 1609 815 1689 jaciemur:

144 1688 173 1748 δι
186 1692 209 1748 si
224 1708 261 1749 ex
273 1693 326 1765 iis,
344 1709 411 1769 quae
431 1688 612 1769 scripsimus,
632 1708 711 1752 tanta
726 1695 814 1752 etiam

143 1789 158 1827 a
176 1787 221 1830 me
241 1789 301 1831 non
327 1767 434 1849 scripta
459 1769 623 1850 perspicis;
649 1770 739 1832 revise
760 1794 814 1832 nos

141 1848 307 1944 aliquando,
333 1849 367 1909 &
387 1870 564 1930 quamquam
581 1851 644 1911 sunt
665 1852 725 1910 haec
749 1853 816 1913 loca

101 2001 104 2006 Ι
142 1926 294 2011 fugienda,
341 1931 381 1989 uo
406 1948 435 1990 te
461 1952 540 1990 voco
560 1977 569 2004 ‚
596 1949 693 1992 tamen
712 1932 757 1991 fac
782 1952 815 1993 ut

143 2028 264 2071 amorem
283 1951 413 2069 nosram
426 2013 497 2069 tanti
516 2009 652 2084 aestimes‚
667 2030 698 2071 ut
713 2033 750 2071 eo
766 2014 816 2072 vel

144 2109 203 2148 curn
219 2091 265 2150 bis
284 2088 420 2150 molestiis
446 2089 552 2170 perfrui
572 2094 666 2151 velis:
691 2112 758 2150 nam
778 2090 816 2152 rie

145 2168 239 2229 absens
257 2170 407 2243 censeare,
431 2171 538 2231 curabo
560 2171 759 2244 edicendum,
784 2173 818 2232 &

144 2250 359 2328 proponendum
375 2251 448 2310 locis
463 2251 598 2309 omnibus
611 2271 618 2306 :
634 2250 683 2307 sub
701 2249 819 2309 lustrum

144 2345 235 2389 nutem
254 2330 382 2403 censeri,
402 2333 531 2411 germani
553 2332 739 2411 negotiatoris
759 2328 819 2388 est:

146 2429 223 2489 quare
248 2432 314 2470 cura
337 2456 347 2483 ‚
369 2427 402 2471 ut
422 2427 452 2469 te
478 2414 689 2489 quamprimum
718 2408 821 2469 videa-

145 2508 209 2583 mus.
225 2490 292 2631 Kffl.
308 2489 395 2551 Febr.
413 2488 460 2569 Q.
477 2490 622 2563 Metello,
638 2490 670 2549 &
688 2489 722 2549 L.
735 2487 822 2556 Afra·

145 2588 187 2630 nro
206 2592 241 2630 co
265 2614 274 2633 .

249 2687 417 2751 Cicutio
447 2688 611 2749 Arrrco
635 2687 719 2750 Sat.

147 2774 305 2871 ι9·Νο1(
332 2810 458 2883 modo,
485 2810 508 2866 si
527 2808 597 2869 mihi
622 2824 733 2868 tantum
752 2808 821 2869 esset

143 2894 207 2963 otii,
233 2909 372 2971 quantum
391 2888 433 2951 est
454 2887 528 2961 tibi,
547 2891 648 2950 verirm
667 2892 778 2961 etiam,
797 2892 822 2947 si

142 2987 195 3032 tarn
207 2970 312 3035 breves
328 2970 466 3055 epistolas
482 2969 572 3033 velim
587 2971 721 3046 mittere,
735 2967 822 3048 quam
