2117 3984
233 486 298 547 'AD
315 475 517 546 Africum
534 476 620 546 ΜΒ.
639 476 720 545 VII.
748 499 819 571 307

142 596 237 665 usis,
264 590 353 672 quim
382 611 472 671 quum
498 594 722 671 quinquennium
750 614 823 673 pro-

132 671 331 812 .fflamus3
352 689 401 730 aut
419 692 532 752 quum,
551 687 584 730 ut
604 672 725 733 absentis
744 676 819 735 ratio

207 769 315 827 retur,
331 750 512 811 ferebamus:
533 755 586 811 nisi
606 752 682 812 forte
700 753 760 813 haec
776 754 820 815 illi

140 847 193 892 mm
214 852 299 894 arma
316 831 448 892 dedimus
470 878 479 905 ‚
505 849 538 891 ut
556 852 633 891 nunc
656 854 723 893 cum
743 833 819 895 bene

139 928 234 992 penato
254 931 460 994 pugnaremus.
481 911 574 972 Dices
595 957 604 986 ‚
628 914 698 993 quid
715 930 746 972 tu
762 914 821 993 igi-

138 1007 176 1052 tur
196 991 330 1053 sensurus
346 991 401 1051 es?
422 990 490 1051 Non
507 993 607 1064 idem,
624 992 704 1073 quod
724 992 821 1053 didu-

138 1091 189 1132 ωε.
212 1071 346 1133 Sentiam
371 1074 450 1131 enim
476 1076 575 1131 omnia
593 1072 754 1143 facienda,
781 1091 820 1134 ne

138 1154 218 1214 ermis
232 1152 398 1212 decertetur
408 1170 417 1223 ;
429 1150 523 1210 dicam
534 1153 612 1211 idem
624 1198 633 1226 ‚
645 1153 725 1233 quod
735 1151 822 1212 Pom·

138 1234 213 1312 peius
223 1251 234 1306 3
246 1251 344 1312 neque
359 1230 389 1290 id
402 1231 505 1290 faciam
522 1232 622 1291 humili
636 1236 743 1292 animo.
759 1232 819 1294 Sed

138 1311 225 1372 rursus
245 1312 304 1371 hoc
325 1330 513 1393 permagnum
528 1315 569 1371 rei
592 1312 693 1371 ublicae
708 1314 818 1373 malum

139 1389 194 1451 est:
216 1387 248 1452 dt
265 1391 396 1473 quodam
417 1333 598 1451 modo'mifii
616 1408 720 1471 praeter
736 1410 819 1453 cete·

139 1493 184 1532 ros
192 1493 254 1532 nnn
264 1470 396 1545 redium,
409 1491 456 1532 me
467 1475 497 1531 in
512 1474 599 1532 tantis
611 1473 696 1532 rebus
707 1493 724 1532 a
734 1471 819 1533 Pom·

138 1553 204 1634 peio
222 1551 373 1614 dissidere.

243 1667 406 1732 Cicuno
435 1668 597 1733 Αττιοο
625 1670 709 1733 Sui..

137 1761 447 1865 7.D10Nr.51vs
465 1792 510 1849 vir
531 1791 679 1870 optimus,
702 1811 732 1852 m
753 1794 820 1851 mihi

137 1891 238 1948 quoqne
261 1875 297 1953 ‘fl
312 1871 486 1951 perficiemus,
511 1870 744 1946 medimnus,
763 1875 818 1931 tui·
931 1905 938 1920 s

137 1971 182 2027 que
199 1954 431 2022 amantissimus,
452 1953 568 2007 Romam
584 1953 659 2009 venit
676 1971 726 2011 xv
745 1950 818 2011 Kal.

89 2075 91 2094 ,
137 2031 254 2094 lanuar.
279 2032 307 2089 δ’
327 2032 433 2088 lituras
454 2051 472 2086 a
491 2047 516 2087 te
533 2031 599 2087 mihi
615 2033 754 2089 reddidit:
774 2048 819 2090 tot

137 2109 213 2168 enim
227 2111 324 2170 uerba
340 2108 405 2168 sunt
425 2108 462 2167 de
483 2107 634 2188 Dionysio
653 2109 682 2166 in
701 2108 820 2189 epistola

137 2187 305 2263 winilind,
321 2205 415 2269 puto,
433 2206 464 2248 tu
480 2209 540 2247 non
559 2187 710 2261 adscribis,
729 2191 820 2249 &tibi

134 2272 237 2348 gratias
256 2274 330 2351 egit:
347 2271 424 2349 atqui
440 2271 516 2329 certe
532 2268 579 2327 ille
597 2287 683 2347 agere
700 2269 820 2341 debuit;

137 2347 189 2422 &‚
211 2351 236 2412 s'i
254 2350 325 2410 effet
344 2348 469 2422 fadum,
487 2370 551 2428 quae
569 2345 672 2407 tuaest
690 2347 822 2407 humani-

136 2443 178 2487 tas
197 2429 430 2510 ,ndscn'psiffes
459 2429 533 2489 Mihi
561 2446 657 2487 autem
678 2430 756 2487 nulla
780 2428 817 2489 de

136 2527 172 2570 eo
185 2510 336 2573 “narniis
352 2511 435 2571 datur
447 2525 565 2590 propter
576 2508 726 2587 superioris
740 2508 820 2589 epis·

136 2591 203 2650 toiae
223 2588 447 2650 testimonium:
471 2592 507 2648 sit
531 2591 615 2669 igitur
635 2589 699 2649 sane
725 2591 819 2650 bonus

136 2671 203 2729 vir:
228 2669 288 2729 hoc
314 2672 393 2729 enim
420 2669 511 2749 ipsum
534 2668 717 2743 benefecit,
739 2671 819 2750 quiid

137 2749 203 2808 mihi
223 2749 266 2809 sui
285 2749 481 2829 cognoscendi
502 2751 616 2827 penitus
636 2754 722 2810 etiam
739 2751 819 2809 istam

89 2831 91 2910 ξ
137 2827 311 2890 facultatem
330 2829 420 2889 dedit.
442 2828 613 2911 Philogenes
633 2831 706 2889 redi
732 2832 768 2888 ad
789 2846 819 2887 te

89 2919 92 3004 j
136 2907 264 2991 scripsit:
282 2913 393 2969 curavit
409 2912 505 2982 enim,
523 2911 603 2989 quod
617 2911 732 2970 debuit:
751 2925 819 2964 eum

89 3013 91 3030 ¹
137 3008 191 3073 ego
207 2993 252 3051 uti
271 2989 309 3051 ed
327 2990 450 3072 pecuniis
466 2991 570 3062 volui,
585 2991 684 3070 'quoad
703 2987 818 3046 liceret:
