2117 3984
469 458 596 522 'AD
622 453 1035 520 ArrtcvM
1059 452 1229 519 L1B.
1267 450 1470 519 VIII.
1529 473 1657 544 343

276 564 541 646 publico
586 583 878 648 proponat
930 565 1132 627 velim.
1183 564 1414 625 Alteras
1455 568 1674 627 eodem

278 646 393 708 -die
430 645 604 719 dedi,
651 668 769 727 quo
812 647 913 705 has
950 645 1024 705 ad
1052 664 1160 706 te:
1193 665 1311 705 nou
1346 650 1508 726 potui
1545 669 1667 707 non

276 726 477 800 dare,
525 748 706 809 quum
746 726 953 806 &ipse
991 725 1065 792 ad
1099 729 1199 787 'me
1235 725 1567 806 scripsisset,
1601 727 1668 788 δε

276 805 533 868 Balbus.
572 805 785 867 Earum
824 807 1158 886 exemplum
1182 807 1256 865 ad
1293 821 1352 865 te
1388 809 1536 866 mi'si.'
1556 807 1667 868 N?-

294 887 379 948 hil
426 886 676 948 arbitror
722 886 848 948 fore
870 932 890 961 ‚
933 887 1093 968 quod
1141 886 1528 968 reprehendas
1571 891 1672 948 :si

295 988 411 1050 qua
445 985 615 1029 erunt
639 1013 660 1040 ‚
704 968 856 1028 doce
891 987 985 1027 me
1024 987 1142 1047 quo
1183 966 1370 1026 modo
1407 981 1483 1026 ea
1521 965 1674 1028 effu-

292 1067 435 1130 gere
476 1051 715 1128 possim.
748 1047 948 1118 Nihil,
972 1049 1196 1129 inquies
1222 1091 1240 1120 ,
1275 1050 1518 1107 omnino
1543 1046 1672 1108 scri-

338 1127 494 1189 seris.
526 1127 650 1207 Qui
669 1131 849 1210 magis
884 1126 1120 1209 effugias
1156 1147 1259 1188 eos
1281 1173 1299 1200 ‚
1339 1130 1439 1208 qui
1464 1129 1670 1188 volent

292 1149 517 1290 Erigere
556 1209 578 1269 ἓ
617 1224 1016 1270 verumtamen
1062 1210 1141 1267 ita
1181 1208 1428 1282 faciam,
1470 1210 1668 1289 quo'a'd

292 1286 421 1350 fieri
461 1292 697 1370 poterit.
748 1288 905 1347 Nam
954 1288 1115 1369 qubd
1153 1305 1250 1347 me
1305 1288 1545 1368 hortaris
1589 1290 1662 1349 ad

290 1372 641 1430 memoriam
678 1368 957 1428 fafitorum
983 1411 1001 1440 ,
1042 1366 1324 1428 diffitorum
1351 1381 1382 1440 ’,ς
1414 1368 1663 1448 scriptu·-

282 1469 424 1510 rum
468 1451 645 1511 etiam
688 1467 994 1519 meorum3
1040 1448 1180 1508 facis
1224 1447 1408 1507 amice
1447 1464 1510 1506 tu
1538 1449 1664 1528 qui-

276 1527 437 1590 -dem
458 1576 477 1606 ‚
517 1530 770 1609 mihique
810 1529 1195 1608 gratissimum
1225 1547 1239 1583 :
1270 1527 1368 1586 sed
1397 1529 1536 1587 mihi
1578 1531 1665 1587 vi-

292 1609 449 1670 deris
496 1610 649 1670 aliud
692 1628 754 1668 tu
791 1605 1090 1667 honestum
1117 1653 1135 1680 ,
1174 1626 1388 1688 meque
1427 1608 1664 1689 dignum

290 1691 355 1750 in
394 1689 501 1751 hac
537 1688 700 1750 causa
746 1687 996 1767 judicare
1031 1732 1050 1761 ,
1092 1706 1264 1768 atque
1305 1708 1419 1769 ego
1468 1681 1664 1748 existi·-

292 1789 473 1831 mem.
516 1769 665 1829 Mihi
711 1772 865 1828 enirn
900 1768 1039 1828 nihil
1085 1769 1201 1827 ulla
1234 1771 1294 1827 in
1326 1786 1500 1850 gente
1531 1779 1662 1828 um‘-

284 1869 466 1930 quam
511 1849 581 1908 ab
619 1850 740 1909 ullo
781 1848 1009 1908 auftore
1044 1849 1371 1928 reipublicae
1409 1871 1474 1909 ac
1511 1850 1661 1911 duce

274 1931 515 2010 ·turpii1s
545 1928 903 1990 fafiiumeffe
944 1929 1212 2004 videtur,
1237 1930 1410 2011 quhm
1452 1952 1484 1989 a
1533 1930 1664 1991 noi:-

290 2023 384 2070 tro
425 2011 615 2070 amico
656 2009 864 2069 fafitum
915 2007 996 2069 est
1030 2029 1049 2081 ;
1088 2006 1248 2090 cujus
1307 2030 1421 2091 ego
1465 2012 1661 2072 vicem

276 2089 472 2152 -doleo
494 2092 629 2171 :qui
658 2090 859 2151 urbem
896 2091 1126 2170 reliquit
1144 2133 1163 2162 ‚
1191 2089 1252 2148 id
1277 2088 1357 2148 est
1384 2093 1669 2170 patriam';

331 2192 401 2232 ro
438 2192 589 2253 qua,
620 2171 683 2229 &
717 2174 777 2230 in
818 2172 1118 2250 qua-mori
1158 2169 1492 2248 praeclarum
1534 2170 1667 2234 fuit.

288 2191 328 2312 f
360 2272 569 2313 notare
604 2252 743 2310 mihi
779 2251 1028 2323 videris,
1056 2249 1178 2307 haec
1204 2267 1413 2328 quanta
1435 2252 1506 2308 sit
1533 2251 1661 2309 cla·-

272 2373 279 2380 -
334 2352 397 2393 es
430 2353 447 2392 :
479 2352 541 2392 es
582 2335 738 2391 enim
776 2335 949 2391 etiam
982 2349 1134 2388 nunc
1182 2329 1341 2388 domi
1377 2348 1488 2388 tuae
1517 2330 1659 2392 :sed

294 2413 494 2473 invitis
527 2412 924 2492 perditissimis
950 2410 1277 2470 hominibus
1306 2407 1416 2469 effe
1458 2410 1667 2471 diutius

292 2512 417 2554 non
460 2510 653 2572 potes.
708 2492 843 2551 Hbc
884 2490 1140 2551 miserius
1187 2534 1206 2563 ‚
1268 2491 1379 2549 hbe
1440 2494 1662 2571 turpius

276 2571 604 2653 quidquam
643 2571 665 2630 ?
707 2592 984 2654 vagamur
1019 2589 1256 2652 egentes
1296 2591 1427 2630 cum
1455 2570 1663 2652 eonju'-

276 2652 459 2734 .gibus
494 2653 783 2712 &liberis
818 2672 834 2710 ε
865 2655 924 2710 in
959 2654 1126 2711 unius
1171 2652 1416 2711 hominis
1438 2669 1664 2742 ,quot-

288 2737 452 2793 annis
498 2733 821 2814 periculose
861 2734 1192 2813 aegrotantis
1240 2777 1259 2805 ‚
1301 2734 1493 2793 anima
1538 2756 1662 2813 po-

280 2815 425 2873 -sitas
479 2833 686 2872 omnes
739 2812 953 2872 nostras
997 2811 1125 2892 spes
1165 2812 1437 2872 habemus
1473 2857 1493 2885 ,
1532 2819 1654 2871 non

286 2893 554 2973 expulsi,
581 2892 679 2953 sed
716 2895 945 2953 evocati
976 2911 1021 2952 -e
1062 2896 1242 2971 patria
1263 2938 1281 2965 ‚
1328 2912 1500 2972 quam
1534 2889 1660 2952 no'n

276 2972 627 3038 servandam
668 2974 741 3035 ad
780 2972 1026 3034 reditum
1056 2972 1356 3111 nostrurssu·
1388 2970 1485 3031 sed
1519 2970 1657 3030 diri-

1342 3072 1403 3109 lv
