<?xml version="1.0" encoding="UTF-8"?>
<!DOCTYPE html PUBLIC "-//W3C//DTD XHTML 1.0 Transitional//EN"
    "http://www.w3.org/TR/xhtml1/DTD/xhtml1-transitional.dtd">
<html xmlns="http://www.w3.org/1999/xhtml" xml:lang="en" lang="en">
 <head>
  <title>
</title>
<meta http-equiv="Content-Type" content="text/html;charset=utf-8" />
  <meta name='ocr-system' content='tesseract 3.04.00' />
  <meta name='ocr-capabilities' content='ocr_page ocr_carea ocr_par ocr_line ocrx_word'/>
</head>
<body>
  <div class='ocr_page' id='page_1' title='image "./mtulliiciceroni03lallgoog_0242.png"; bbox 0 0 2117 3984; ppageno 0'>
   <div class='ocr_carea' id='block_1_1' title="bbox 108 368 682 468">
    <p class='ocr_par' dir='ltr' id='par_1_1' title="bbox 108 368 682 468">
     <span class='ocr_line' id='line_1_1' title="bbox 108 368 682 468; baseline 0.017 -35"><span class='ocrx_word' id='word_1_1' title='bbox 108 383 173 434; x_wconf 69' lang='grc' dir='ltr'>,ω</span> <span class='ocrx_word' id='word_1_2' title='bbox 195 368 402 436; x_wconf 75' lang='lat' dir='ltr'>Articuu</span> <span class='ocrx_word' id='word_1_3' title='bbox 420 369 507 442; x_wconf 69' lang='grc' dir='ltr'>ΜΒ.</span> <span class='ocrx_word' id='word_1_4' title='bbox 530 375 572 443; x_wconf 90' lang='lat' dir='ltr'>V.</span> <span class='ocrx_word' id='word_1_5' title='bbox 614 395 682 468; x_wconf 85' lang='lat'>237</span> 
     </span>
    </p>
   </div>
   <div class='ocr_carea' id='block_1_2' title="bbox 88 477 720 2605">
    <p class='ocr_par' dir='ltr' id='par_1_2' title="bbox 88 477 720 2605">
     <span class='ocr_line' id='line_1_2' title="bbox 89 477 684 561; baseline 0.017 -21"><span class='ocrx_word' id='word_1_6' title='bbox 89 477 684 561; x_wconf 79' lang='lat' dir='ltr'>raboppidoCassiusinsecutusrembene</span> 
     </span>
     <span class='ocr_line' id='line_1_3' title="bbox 89 559 684 646; baseline 0.01 -24"><span class='ocrx_word' id='word_1_7' title='bbox 89 565 213 642; x_wconf 86' lang='lat' dir='ltr'>:quain</span> <span class='ocrx_word' id='word_1_8' title='bbox 229 559 299 642; x_wconf 85' lang='lat' dir='ltr'>fuga</span> <span class='ocrx_word' id='word_1_9' title='bbox 313 565 418 646; x_wconf 65' lang='lat' dir='ltr'>magni</span> <span class='ocrx_word' id='word_1_10' title='bbox 427 565 590 626; x_wconf 70' lang='lat' dir='ltr'>audloritate</span> <span class='ocrx_word' id='word_1_11' title='bbox 603 566 684 628; x_wconf 84' lang='lat' dir='ltr'>Osa-</span> 
     </span>
     <span class='ocr_line' id='line_1_4' title="bbox 89 639 682 728; baseline 0.013 -26"><span class='ocrx_word' id='word_1_12' title='bbox 89 639 682 728; x_wconf 78' lang='lat' dir='ltr'>uxParthorum,vulnusaccepit‚eoque</span> 
     </span>
     <span class='ocr_line' id='line_1_5' title="bbox 89 719 685 805; baseline 0.005 -21"><span class='ocrx_word' id='word_1_13' title='bbox 89 724 212 802; x_wconf 83' lang='lat' dir='ltr'>tpaucis</span> <span class='ocrx_word' id='word_1_14' title='bbox 224 719 289 803; x_wconf 75' lang='lat' dir='ltr'>post</span> <span class='ocrx_word' id='word_1_15' title='bbox 297 723 408 784; x_wconf 86' lang='lat' dir='ltr'>diebus.</span> <span class='ocrx_word' id='word_1_16' title='bbox 413 723 480 785; x_wconf 86' lang='lat' dir='ltr'>Erat</span> <span class='ocrx_word' id='word_1_17' title='bbox 488 729 517 784; x_wconf 91' lang='lat' dir='ltr'>in</span> <span class='ocrx_word' id='word_1_18' title='bbox 528 725 611 805; x_wconf 81' lang='lat' dir='ltr'>Syria</span> <span class='ocrx_word' id='word_1_19' title='bbox 617 729 685 788; x_wconf 89' lang='lat' dir='ltr'>nos·</span> 
     </span>
     <span class='ocr_line' id='line_1_6' title="bbox 89 803 684 884; baseline 0.007 -22"><span class='ocrx_word' id='word_1_20' title='bbox 89 821 200 862; x_wconf 88' lang='lat' dir='ltr'>nomen</span> <span class='ocrx_word' id='word_1_21' title='bbox 211 805 244 862; x_wconf 90' lang='lat' dir='ltr'>in</span> <span class='ocrx_word' id='word_1_22' title='bbox 257 805 354 884; x_wconf 87' lang='lat' dir='ltr'>gratia.</span> <span class='ocrx_word' id='word_1_23' title='bbox 367 803 458 866; x_wconf 90' lang='lat' dir='ltr'>Venit</span> <span class='ocrx_word' id='word_1_24' title='bbox 466 807 581 864; x_wconf 91' lang='lat' dir='ltr'>interim</span> <span class='ocrx_word' id='word_1_25' title='bbox 595 805 684 866; x_wconf 89' lang='lat' dir='ltr'>Bibu-</span> 
     </span>
     <span class='ocr_line' id='line_1_7' title="bbox 89 881 689 964; baseline 0.007 -20"><span class='ocrx_word' id='word_1_26' title='bbox 89 881 157 944; x_wconf 85' lang='lat' dir='ltr'>·edo</span> <span class='ocrx_word' id='word_1_27' title='bbox 166 883 262 942; x_wconf 87' lang='lat' dir='ltr'>voluit</span> <span class='ocrx_word' id='word_1_28' title='bbox 274 884 466 964; x_wconf 86' lang='lat' dir='ltr'>appellatione</span> <span class='ocrx_word' id='word_1_29' title='bbox 475 886 527 944; x_wconf 84' lang='lat' dir='ltr'>hac</span> <span class='ocrx_word' id='word_1_30' title='bbox 544 889 622 945; x_wconf 87' lang='lat' dir='ltr'>inani</span> <span class='ocrx_word' id='word_1_31' title='bbox 636 909 689 948; x_wconf 91' lang='lat' dir='ltr'>no·</span> 
     </span>
     <span class='ocr_line' id='line_1_8' title="bbox 88 961 686 1046; baseline 0.008 -22"><span class='ocrx_word' id='word_1_32' title='bbox 88 961 686 1046; x_wconf 82' lang='lat' dir='ltr'>&#39;epar:ineodemAmanocoepitlaureo·</span> 
     </span>
     <span class='ocr_line' id='line_1_9' title="bbox 89 1041 688 1124; baseline 0.013 -24"><span class='ocrx_word' id='word_1_33' title='bbox 89 1041 259 1104; x_wconf 81' lang='lat' dir='ltr'>rmustaceo</span> <span class='ocrx_word' id='word_1_34' title='bbox 273 1064 401 1124; x_wconf 88' lang='lat' dir='ltr'>quaerere</span> <span class='ocrx_word' id='word_1_35' title='bbox 413 1067 419 1104; x_wconf 93' lang='lat'><strong>:</strong></span> <span class='ocrx_word' id='word_1_36' title='bbox 432 1065 460 1106; x_wconf 88' lang='lat' dir='ltr'>at</span> <span class='ocrx_word' id='word_1_37' title='bbox 473 1046 520 1106; x_wconf 91' lang='lat' dir='ltr'>ille</span> <span class='ocrx_word' id='word_1_38' title='bbox 536 1047 688 1108; x_wconf 89' lang='lat' dir='ltr'>cohortem</span> 
     </span>
     <span class='ocr_line' id='line_1_10' title="bbox 89 1125 684 1209; baseline 0.01 -25"><span class='ocrx_word' id='word_1_39' title='bbox 89 1143 125 1184; x_wconf 81' lang='lat' dir='ltr'>tn</span> <span class='ocrx_word' id='word_1_40' title='bbox 141 1140 239 1184; x_wconf 81' lang='lat' dir='ltr'>totam</span> <span class='ocrx_word' id='word_1_41' title='bbox 260 1125 408 1204; x_wconf 83' lang='lat' dir='ltr'><strong>perdidit,</strong></span> <span class='ocrx_word' id='word_1_42' title='bbox 429 1129 684 1209; x_wconf 85' lang='lat' dir='ltr'>centurionemque</span> 
     </span>
     <span class='ocr_line' id='line_1_11' title="bbox 89 1203 685 1287; baseline 0.008 -24"><span class='ocrx_word' id='word_1_43' title='bbox 89 1203 160 1285; x_wconf 78' lang='lat' dir='ltr'>pili,</span> <span class='ocrx_word' id='word_1_44' title='bbox 181 1203 313 1264; x_wconf 90' lang='lat' dir='ltr'>nobilem</span> <span class='ocrx_word' id='word_1_45' title='bbox 335 1205 375 1265; x_wconf 91' lang='lat' dir='ltr'>sui</span> <span class='ocrx_word' id='word_1_46' title='bbox 396 1210 530 1287; x_wconf 86' lang='lat' dir='ltr'>generis,</span> <span class='ocrx_word' id='word_1_47' title='bbox 552 1207 685 1268; x_wconf 83' lang='lat' dir='ltr'>Asinium</span> 
     </span>
     <span class='ocr_line' id='line_1_12' title="bbox 89 1284 685 1366; baseline 0.007 -22"><span class='ocrx_word' id='word_1_48' title='bbox 89 1303 198 1358; x_wconf 87' lang='lat' dir='ltr'>onem,</span> <span class='ocrx_word' id='word_1_49' title='bbox 220 1285 252 1343; x_wconf 76' lang='grc' dir='ltr'>δι</span> <span class='ocrx_word' id='word_1_50' title='bbox 263 1285 389 1366; x_wconf 84' lang='lat' dir='ltr'>reliquos</span> <span class='ocrx_word' id='word_1_51' title='bbox 400 1287 524 1347; x_wconf 85' lang='lat' dir='ltr'>cohortis</span> <span class='ocrx_word' id='word_1_52' title='bbox 540 1284 685 1364; x_wconf 82' lang='lat' dir='ltr'>ejusdem,</span> 
     </span>
     <span class='ocr_line' id='line_1_13' title="bbox 89 1363 689 1444; baseline 0.003 -18"><span class='ocrx_word' id='word_1_53' title='bbox 89 1381 135 1426; x_wconf 81' lang='lat' dir='ltr'>¹xt.</span> <span class='ocrx_word' id='word_1_54' title='bbox 152 1363 325 1438; x_wconf 59' lang='lat' dir='ltr'>Lucilium</span> <span class='ocrx_word' id='word_1_55' title='bbox 347 1365 385 1425; x_wconf 92' lang='lat' dir='ltr'>T.</span> <span class='ocrx_word' id='word_1_56' title='bbox 406 1365 495 1426; x_wconf 85' lang='lat' dir='ltr'>Gavii</span> <span class='ocrx_word' id='word_1_57' title='bbox 518 1364 569 1426; x_wconf 85' lang='lat' dir='ltr'>Cae</span> <span class='ocrx_word' id='word_1_58' title='bbox 591 1370 689 1444; x_wconf 91' lang='lat' dir='ltr'>ionis,</span> 
     </span>
     <span class='ocr_line' id='line_1_14' title="bbox 89 1389 686 1524; baseline 0.005 -20"><span class='ocrx_word' id='word_1_59' title='bbox 89 1443 156 1504; x_wconf 80' lang='lat' dir='ltr'>letis</span> <span class='ocrx_word' id='word_1_60' title='bbox 173 1445 208 1504; x_wconf 89' lang='lat'>&amp;</span> <span class='ocrx_word' id='word_1_61' title='bbox 234 1444 374 1524; x_wconf 91' lang='lat' dir='ltr'>splendidi</span> <span class='ocrx_word' id='word_1_62' title='bbox 397 1446 544 1518; x_wconf 89' lang='lat' dir='ltr'>hominis,</span> <span class='ocrx_word' id='word_1_63' title='bbox 566 1389 686 1522; x_wconf 70' lang='lat' dir='ltr'>ilium,</span> 
     </span>
     <span class='ocr_line' id='line_1_15' title="bbox 89 1524 690 1609; baseline 0.002 -23"><span class='ocrx_word' id='word_1_64' title='bbox 89 1543 146 1586; x_wconf 81' lang='lat' dir='ltr'>tum</span> <span class='ocrx_word' id='word_1_65' title='bbox 172 1524 308 1584; x_wconf 89' lang='lat' dir='ltr'>militum.</span> <span class='ocrx_word' id='word_1_66' title='bbox 328 1525 402 1586; x_wconf 74' lang='lat' dir='ltr'>Sane</span> <span class='ocrx_word' id='word_1_67' title='bbox 425 1528 540 1609; x_wconf 86' lang='lat' dir='ltr'>plagam</span> <span class='ocrx_word' id='word_1_68' title='bbox 559 1527 690 1587; x_wconf 83' lang='lat' dir='ltr'>odiosam</span> 
     </span>
     <span class='ocr_line' id='line_1_16' title="bbox 89 1606 690 1686; baseline 0.008 -23"><span class='ocrx_word' id='word_1_69' title='bbox 89 1619 156 1684; x_wconf 66' lang='lat' dir='ltr'>[etat</span> <span class='ocrx_word' id='word_1_70' title='bbox 181 1625 272 1686; x_wconf 89' lang='lat' dir='ltr'>quum</span> <span class='ocrx_word' id='word_1_71' title='bbox 294 1625 349 1681; x_wconf 88' lang='lat' dir='ltr'>re,</span> <span class='ocrx_word' id='word_1_72' title='bbox 371 1624 433 1665; x_wconf 91' lang='lat' dir='ltr'>tum</span> <span class='ocrx_word' id='word_1_73' title='bbox 457 1625 602 1685; x_wconf 86' lang='lat' dir='ltr'>tempore.</span> <span class='ocrx_word' id='word_1_74' title='bbox 627 1606 690 1668; x_wconf 91' lang='lat' dir='ltr'>Nos</span> 
     </span>
     <span class='ocr_line' id='line_1_17' title="bbox 89 1683 690 1766; baseline 0.005 -20"><span class='ocrx_word' id='word_1_75' title='bbox 89 1683 226 1760; x_wconf 77' lang='lat' dir='ltr'>nillum,</span> <span class='ocrx_word' id='word_1_76' title='bbox 253 1685 333 1765; x_wconf 91' lang='lat' dir='ltr'>quod</span> <span class='ocrx_word' id='word_1_77' title='bbox 361 1686 503 1766; x_wconf 87' lang='lat' dir='ltr'>oppidum</span> <span class='ocrx_word' id='word_1_78' title='bbox 533 1690 690 1749; x_wconf 86' lang='lat' dir='ltr'>munitissi-</span> 
     </span>
     <span class='ocr_line' id='line_1_18' title="bbox 98 1763 690 1830; baseline 0.007 -4"><span class='ocrx_word' id='word_1_79' title='bbox 98 1763 373 1826; x_wconf 85' lang='lat' dir='ltr'>Eleutherocilicum</span> <span class='ocrx_word' id='word_1_80' title='bbox 396 1771 526 1828; x_wconf 91' lang='lat' dir='ltr'>omnium</span> <span class='ocrx_word' id='word_1_81' title='bbox 548 1771 690 1830; x_wconf 67' lang='lat' dir='ltr'>memoria</span> 
     </span>
     <span class='ocr_line' id='line_1_19' title="bbox 89 1845 690 1927; baseline 0.01 -21"><span class='ocrx_word' id='word_1_82' title='bbox 89 1849 142 1906; x_wconf 82' lang='lat' dir='ltr'>mis</span> <span class='ocrx_word' id='word_1_83' title='bbox 159 1845 215 1908; x_wconf 84' lang='lat' dir='ltr'>fuit</span> <span class='ocrx_word' id='word_1_84' title='bbox 231 1845 309 1927; x_wconf 90' lang='lat' dir='ltr'>(feri</span> <span class='ocrx_word' id='word_1_85' title='bbox 324 1846 456 1908; x_wconf 89' lang='lat' dir='ltr'>homines</span> <span class='ocrx_word' id='word_1_86' title='bbox 482 1849 513 1908; x_wconf 91' lang='lat'>&amp;</span> <span class='ocrx_word' id='word_1_87' title='bbox 537 1870 637 1923; x_wconf 85' lang='lat' dir='ltr'>acres,</span> <span class='ocrx_word' id='word_1_88' title='bbox 657 1852 690 1912; x_wconf 90' lang='lat'>&amp;</span> 
     </span>
     <span class='ocr_line' id='line_1_20' title="bbox 89 1925 688 2008; baseline 0 -20"><span class='ocrx_word' id='word_1_89' title='bbox 89 1925 142 1988; x_wconf 78' lang='lat' dir='ltr'>bur</span> <span class='ocrx_word' id='word_1_90' title='bbox 163 1927 250 1988; x_wconf 85' lang='lat' dir='ltr'>rebus</span> <span class='ocrx_word' id='word_1_91' title='bbox 270 1927 307 1986; x_wconf 81' lang='lat' dir='ltr'>ad</span> <span class='ocrx_word' id='word_1_92' title='bbox 327 1927 542 1988; x_wconf 87' lang='lat' dir='ltr'>defendendum</span> <span class='ocrx_word' id='word_1_93' title='bbox 565 1931 688 2008; x_wconf 85' lang='lat' dir='ltr'>parati)</span> 
     </span>
     <span class='ocr_line' id='line_1_21' title="bbox 89 2005 689 2090; baseline 0.003 -24"><span class='ocrx_word' id='word_1_94' title='bbox 89 2027 149 2068; x_wconf 79' lang='lat' dir='ltr'>mur</span> <span class='ocrx_word' id='word_1_95' title='bbox 165 2008 245 2068; x_wconf 83' lang='lat' dir='ltr'>vallo</span> <span class='ocrx_word' id='word_1_96' title='bbox 262 2007 293 2067; x_wconf 74' lang='grc' dir='ltr'>ὃ(</span> <span class='ocrx_word' id='word_1_97' title='bbox 305 2005 404 2067; x_wconf 69' lang='lat' dir='ltr'>fossi:</span> <span class='ocrx_word' id='word_1_98' title='bbox 421 2030 523 2090; x_wconf 82' lang='lat' dir='ltr'>aggere</span> <span class='ocrx_word' id='word_1_99' title='bbox 542 2012 689 2082; x_wconf 84' lang='lat' dir='ltr'>maximo,</span> 
     </span>
     <span class='ocr_line' id='line_1_22' title="bbox 89 2088 690 2169; baseline 0 -21"><span class='ocrx_word' id='word_1_100' title='bbox 89 2109 128 2160; x_wconf 72' lang='lat' dir='ltr'>n,</span> <span class='ocrx_word' id='word_1_101' title='bbox 142 2103 219 2150; x_wconf 88' lang='lat' dir='ltr'>turre</span> <span class='ocrx_word' id='word_1_102' title='bbox 236 2088 373 2148; x_wconf 73' lang='lat' dir='ltr'>altissimi</span> <span class='ocrx_word' id='word_1_103' title='bbox 384 2133 394 2161; x_wconf 88' lang='lat'>,</span> <span class='ocrx_word' id='word_1_104' title='bbox 405 2089 511 2169; x_wconf 63' lang='lat' dir='ltr'>magni</span> <span class='ocrx_word' id='word_1_105' title='bbox 527 2105 690 2148; x_wconf 90' lang='lat' dir='ltr'>tormento-</span> 
     </span>
     <span class='ocr_line' id='line_1_23' title="bbox 94 2166 692 2249; baseline -0.003 -21"><span class='ocrx_word' id='word_1_106' title='bbox 94 2167 196 2247; x_wconf 67' lang='lat' dir='ltr'>c&#39;opid,</span> <span class='ocrx_word' id='word_1_107' title='bbox 216 2168 313 2228; x_wconf 90' lang='lat' dir='ltr'>multis</span> <span class='ocrx_word' id='word_1_108' title='bbox 332 2166 500 2249; x_wconf 86' lang='lat' dir='ltr'>sagittariis,</span> <span class='ocrx_word' id='word_1_109' title='bbox 519 2188 627 2248; x_wconf 84' lang='lat' dir='ltr'>magno</span> <span class='ocrx_word' id='word_1_110' title='bbox 646 2169 692 2226; x_wconf 85' lang='lat' dir='ltr'>la-</span> 
     </span>
     <span class='ocr_line' id='line_1_24' title="bbox 94 2246 692 2328; baseline -0.007 -20"><span class='ocrx_word' id='word_1_111' title='bbox 94 2267 271 2328; x_wconf 80' lang='lat' dir='ltr'>,apparatu,</span> <span class='ocrx_word' id='word_1_112' title='bbox 282 2247 378 2307; x_wconf 89' lang='lat' dir='ltr'>multis</span> <span class='ocrx_word' id='word_1_113' title='bbox 395 2249 492 2309; x_wconf 90' lang='lat' dir='ltr'>sauciis</span> <span class='ocrx_word' id='word_1_114' title='bbox 512 2246 632 2319; x_wconf 88' lang='lat' dir='ltr'>nostris,</span> <span class='ocrx_word' id='word_1_115' title='bbox 647 2249 692 2305; x_wconf 93' lang='lat' dir='ltr'>in·</span> 
     </span>
     <span class='ocr_line' id='line_1_25' title="bbox 89 2326 693 2410; baseline 0.002 -22"><span class='ocrx_word' id='word_1_116' title='bbox 89 2329 120 2388; x_wconf 91' lang='lat' dir='ltr'>ni</span> <span class='ocrx_word' id='word_1_117' title='bbox 143 2331 302 2403; x_wconf 85' lang='lat' dir='ltr'>exercitu,</span> <span class='ocrx_word' id='word_1_118' title='bbox 328 2332 477 2410; x_wconf 84' lang='lat' dir='ltr'>negotium</span> <span class='ocrx_word' id='word_1_119' title='bbox 506 2326 693 2389; x_wconf 88' lang='lat' dir='ltr'>confecimus.</span> 
     </span>
     <span class='ocr_line' id='line_1_26' title="bbox 89 2405 720 2490; baseline -0.003 -20"><span class='ocrx_word' id='word_1_120' title='bbox 89 2431 113 2470; x_wconf 72' lang='lat' dir='ltr'>”u</span> <span class='ocrx_word' id='word_1_121' title='bbox 124 2405 189 2476; x_wconf 68' lang='lat' dir='ltr'>send</span> <span class='ocrx_word' id='word_1_122' title='bbox 207 2407 375 2470; x_wconf 80' lang='lat' dir='ltr'>Saturnalia.</span> <span class='ocrx_word' id='word_1_123' title='bbox 393 2410 534 2469; x_wconf 89' lang='lat' dir='ltr'>Militibus</span> <span class='ocrx_word' id='word_1_124' title='bbox 555 2429 692 2490; x_wconf 89' lang='lat' dir='ltr'>quoque,</span> <span class='ocrx_word' id='word_1_125' title='bbox 718 2426 720 2430; x_wconf 77' lang='grc'>’</span> 
     </span>
     <span class='ocr_line' id='line_1_27' title="bbox 89 2490 694 2605; baseline 0 -55"><span class='ocrx_word' id='word_1_126' title='bbox 89 2513 91 2543; x_wconf 74' lang='grc' dir='ltr'><strong>ι</strong></span> <span class='ocrx_word' id='word_1_127' title='bbox 109 2491 259 2570; x_wconf 81' lang='lat' dir='ltr'>exceptis,</span> <span class='ocrx_word' id='word_1_128' title='bbox 275 2490 413 2570; x_wconf 89' lang='lat' dir='ltr'>reliquam</span> <span class='ocrx_word' id='word_1_129' title='bbox 433 2490 560 2605; x_wconf 63' lang='lat' dir='ltr'>guardam</span> <span class='ocrx_word' id='word_1_130' title='bbox 578 2510 694 2550; x_wconf 76' lang='lat' dir='ltr'>conces·</span> 
     </span>
    </p>
   </div>
   <div class='ocr_carea' id='block_1_3' title="bbox 89 2567 680 2605">
    <p class='ocr_par' dir='ltr' id='par_1_3' title="bbox 89 2567 680 2605">
     <span class='ocr_line' id='line_1_28' title="bbox 89 2567 680 2605; baseline 0 0"><span class='ocrx_word' id='word_1_131' title='bbox 89 2591 97 2605; x_wconf 77' lang='grc' dir='ltr'>ι</span> <span class='ocrx_word' id='word_1_132' title='bbox 122 2567 269 2605; x_wconf 51' lang='lat' dir='ltr'>Manain-dn</span> <span class='ocrx_word' id='word_1_133' title='bbox 281 2570 425 2605; x_wconf 52' lang='lat' dir='ltr'>&#39;emmaum‘</span> <span class='ocrx_word' id='word_1_134' title='bbox 455 2570 624 2605; x_wconf 58' lang='lat' dir='ltr'>nnuma-laum</span> <span class='ocrx_word' id='word_1_135' title='bbox 636 2588 680 2605; x_wconf 71' lang='grc' dir='ltr'>ΔΛ.</span> 
     </span>
    </p>
   </div>
   <div class='ocr_carea' id='block_1_4' title="bbox 0 0 1065 3984">
    <p class='ocr_par' dir='ltr' id='par_1_4' title="bbox 0 0 1065 3984">
     <span class='ocr_line' id='line_1_29' title="bbox 0 0 1065 3984; baseline 0 0"><span class='ocrx_word' id='word_1_136' title='bbox 0 0 1065 3984; x_wconf 95' lang='lat' dir='ltr'> </span> 
     </span>
    </p>
   </div>
  </div>
 </body>
</html>
