2117 3984
216 469 281 531 ‘An
301 459 512 529 Armenia
531 459 618 528 ΜΒ.
635 459 688 532 II.
741 482 805 554 103

146 593 270 661 efferetur,
279 576 371 659 qudm
381 576 403 635 ii
410 574 465 655 'qui
474 591 556 635 erant
568 573 687 634 Romae:
697 577 811 636 etenim

140 659 219 720 brer:
237 676 322 734 ωε,
343 677 405 718 non
424 654 517 714 solnm
536 655 607 738 quid
621 653 740 728 Romae,
759 655 810 716 sed

138 742 206 814 eriam
229 738 306 821 quid
330 741 363 799 in
390 735 538 817 republica
560 756 570 809 3
599 755 692 815 neque
717 735 809 797 solbm

135 820 190 901 prid
206 818 298 882 fieret
319 863 330 891 ‚
362 818 467 877 verbm
485 819 573 878 etiam
594 814 663 897 quid
683 814 808 877 futurum

134 897 211 976 tier,
230 898 424 961 indicabant:
442 918 543 968 nunc,
565 898 618 956 nisi
637 899 662 956 si
684 897 752 977 quid
772 916 809 958 ex

133 999 313 1062 pretereunte
338 981 452 1039 viatore
471 994 626 1058 exceptum
647 975 713 1050 est,
740 976 811 1038 scire

133 1062 189 1122 dri!
202 1058 366 1143 poffumus.
384 1057 489 1137 Quare
507 1078 682 1140 quamquam
697 1055 757 1136 jam
777 1074 809 1119 te

133 1142 212 1222 ipsum
231 1139 397 1222 exspedo‚
416 1155 515 1198 tamen
533 1137 576 1198 isti
591 1160 703 1219 puero,
719 1156 808 1219 quem

135 1223 162 1282 d
180 1242 226 1286 me
245 1220 346 1282 statim
363 1217 433 1298 jussi
449 1239 617 1294 recurrere,
641 1219 678 1279 da
695 1218 810 1300 ponde·

135 1301 212 1363 rosam
232 1302 368 1384 aliquam
393 1298 569 1380 epistolam,
598 1300 715 1380 plenam
737 1320 809 1360 onr-

137 1385 202 1443 nium
215 1404 281 1444 non
298 1380 395 1442 modb
412 1379 561 1455 adomm,
575 1380 624 1442 sed
642 1383 731 1441 etiam
746 1382 812 1459 opi-

139 1466 242 1524 nionum
259 1478 401 1531 tuarum3
416 1481 450 1521 ac
469 1462 568 1532 diem,
585 1482 645 1542 quo
661 1459 759 1519 Roma
773 1462 812 1518 sis

140 1547 270 1617 crimnis,
287 1563 359 1604 cura
375 1556 408 1599 ut
425 1539 519 1602 sciam.
536 1541 600 1601 Nos
613 1546 642 1600 in
655 1539 813 1599 Formiano

140 1623 336 1686 essevolumus
357 1620 446 1701 usque
467 1624 503 1682 ad
519 1622 595 1702 prid.
611 1619 712 1681 Nonas
728 1619 813 1680 Maii.

141 1700 175 1764 Eb
187 1709 207 1766 si
222 1724 291 1765 ante
309 1724 378 1765 eam
391 1702 469 1762 diem
479 1722 541 1762 non
553 1703 688 1775 veneris,
705 1700 811 1760 Romae

143 1784 279 1847 tciortasse
291 1783 405 1845 videbo
416 1802 423 1841 ε
436 1803 505 1843 nam
516 1781 660 1865 Arpinum
672 1783 741 1863 quid
753 1797 811 1863 ego

143 1881 166 1926 tr
178 1868 294 1928 invitem
306 1865 319 1925 r

171 1959 192 2006 Τ
217 1955 273 2022 xri,
287 1943 432 2015 ain'aiyabi
443 1947 622 2023 numid&
634 1941 677 2004 ἔτι
687 1945 772 2015 ἰ’γυγι

202 2029 294 2098 sperius
305 2023 422 2094 ’draiton
432 2022 617 2100 mumdum
627 2024 687 2085 dato
700 2022 815 2084 diebus.

145 2099 205 2164 Hes
220 2107 312 2185 igitur.
331 2100 413 2163 Cura
431 2118 463 2161 ut
477 2103 584 2163 valeas.

246 2216 406 2282 Oceano
432 2219 598 2282 Arrrco
626 2220 709 2281 Sar.

146 2301 231 2417 13.F
229 2330 357 2402 Aciuu
369 2360 384 2400 s
396 2340 561 2421 indignum:
573 2337 722 2420 epistolam
736 2347 818 2404 aiio·

144 2420 236 2488 ..stibi
267 2443 286 2481 a
303 2420 414 2482 Tribus
441 2425 567 2481 tabernis
589 2420 751 2501 rescriptam
778 2422 817 2483 ad

144 2514 193 2560 tuas
210 2500 394 2564 suavissimas
411 2499 545 2582 epistolas
559 2504 706 2561 neminem
725 2504 819 2563 reddi-

143 2577 219 2641 disse?
233 2600 263 2644 at
282 2582 356 2644 scito
373 2603 443 2644 eum
459 2580 644 2656 fasciculum,
661 2584 720 2663 qub
737 2584 818 2645 illam

143 2659 344 2740 conjeceram,
376 2664 499 2723 domum
519 2683 557 2722 eo
581 2662 642 2743 ipso
663 2664 708 2725 die
726 2666 816 2726 latum

143 2739 210 2816 effe,
230 2765 290 2825 quo
321 2765 380 2827 ego
408 2743 575 2818 dederam,
600 2744 630 2803 &
654 2745 690 2804 ad
718 2767 765 2807 me
787 2750 818 2806 in

143 2817 317 2896 Formianum
329 2826 452 2885 relatum
467 2822 542 2883 eise:
559 2826 654 2904 itaque
670 2826 720 2885 ribi
737 2842 818 2885 tuam

145 2901 281 2980 epistolam
298 2903 371 2983 jussi
392 2903 491 2965 referri
506 2924 516 2977 3
538 2924 575 2965 ex
592 2925 649 2986 qua
669 2908 819 2984 intellige-

146 2999 199 3060 res,
222 2985 313 3069 quim
337 2985 411 3046 mihi
431 3001 493 3047 tum
515 2985 571 3045 illae
593 3005 679 3125 εἶπε
698 2984 822 3047 frriffent.

669 3089 699 3124 rr
