2117 3984
250 486 297 562 μ
364 471 379 534 .’
440 463 742 535 E'Plsrom
935 447 955 476 χ

248 579 318 643 lesta
336 595 443 662 prum,
464 580 494 646 ln
515 596 582 640 utto
604 577 689 658 culpa
706 581 770 640 erit.
787 575 884 660 Quod
902 580 938 642 im

249 658 372 744 epistola
391 677 441 721 tua
459 655 595 741 scriptum
614 675 693 733 erat,
713 680 760 720 me
777 656 836 739 jam
858 661 934 722 arbi·

249 744 318 802 trani
343 741 525 825 designatum
547 739 605 800 esse
628 760 638 812 ;
658 738 754 815 scito,
783 741 855 800 nihil
875 755 935 804 tam

248 824 411 884 exercitum
434 820 490 883 elle
510 841 587 880 nunc
608 818 735 892 Romae,
758 821 847 901 quim
864 843 934 883 can·

249 901 386 977 didatos,
403 902 537 963 omnibus
549 901 762 980 iniquitatibus
775 921 831 962 nec
844 923 934 984 quan·

248 985 293 1044 do
312 983 407 1044 finura
432 985 490 1042 sint
508 982 626 1042 comitia
647 978 726 1040 sciri:
746 985 850 1043 vernn
872 984 934 1046 hae

249 1065 351 1126 audies
374 1063 411 1123 de
433 1061 633 1144 Philadelpho.
661 1060 711 1122 Tu
733 1063 848 1138 velim,
869 1085 940 1147 que

249 1145 419 1207 Academia
438 1141 542 1204 nostrae
564 1140 688 1225 parasti,
719 1146 938 1237 quamprimum

247 1228 348 1288 mittas
365 1246 374 1284 t
401 1227 473 1284 miri
489 1225 577 1305 quim
594 1225 668 1282 illius
685 1224 819 1285 loc1non
840 1227 937 1288 modo

248 1306 336 1381 usus,
353 1306 404 1367 sed
419 1308 507 1367 etiam
524 1306 662 1388 cogitatio
679 1304 810 1367 deleGlat.
828 1306 940 1368 libros.

247 1389 324 1451 vero
354 1404 421 1448 tuos
448 1405 520 1447 cave
547 1390 680 1466 cuiquam
707 1386 827 1445 tradas:
847 1388 940 1450 nobin.

246 1465 939 1612 {sinilss‘i‘sllmstllll{illisi

831 1594 841 1623 2
936 1608 938 1614 ,

248 1633 352 1692 odium
372 1628 431 1708 jam
448 1648 608 1689 ceterarum
624 1646 739 1699 rerum3
754 1647 824 1707 quas
840 1647 872 1690 m
886 1633 932 1690 in·

249 1711 387 1772 credibile
409 1709 449 1772 est
467 1710 555 1790 quim
573 1709 657 1768 brevi
675 1723 809 1787 tempore
822 1715 932 1788 quanto

246 1791 409 1854 deteriores
428 1788 586 1850 offensurus
604 1789 662 1861 sis,
679 1788 766 1868 quim
786 1789 934 1872 reliquisti.

342 1905 505 1970 Cicnno
547 1907 709 1972 Amco
752 1907 833 1972 Su..

243 2028 278 2092 8.
295 1991 447 2092 Avum
460 2048 539 2091 mam
552 2030 623 2091 scito
641 2031 784 2093 desiderio
797 2034 836 2092 tui
850 2053 933 2093 mor-

242 2127 329 2169 ·tuam
347 2111 423 2185 elle,
442 2114 473 2170 δι
493 2111 598 2183 simul,
618 2113 698 2191 quod
714 2116 806 2174 verita
822 2116 875 2186 sit,
891 2133 937 2174 ne·

246 2188 358 2252 Latinae
386 2194 415 2252 in
438 2189 543 2252 officio.
562 2214 626 2253 non
646 2213 821 2264 manerent,
844 2194 876 2254 &
898 2195 929 2253 in

242 2290 381 2337 montem
408 2271 554 2334 Albanum
580 2273 684 2333 hostias
712 2295 772 2335 non
798 2274 929 2335 adduce·

247 2371 321 2414 rent.
337 2352 407 2433 Ejus
419 2357 460 2413 rei
472 2352 702 2413 consolationem
716 2356 752 2414 ad
764 2373 793 2415 te
809 2354 843 2414 L.
858 2353 929 2415 Sau-

247 2432 336 2493 feium
354 2432 500 2494 millumm
520 2431 576 2494 elle
595 2434 725 2495 arbitror.
749 2435 813 2496 Nos
831 2436 878 2496 hic
897 2453 936 2497 te·

248 2513 284 2573 ad
303 2514 430 2574 mensem
455 2513 618 2575 Januariu'm
640 2514 865 2596 exspoliamus,
890 2535 931 2576 ex

247 2594 375 2673 quodam
399 2615 544 2671 rumore,
573 2617 609 2655 an
629 2616 665 2655 ex
685 2599 784 2657 litteris
811 2601 866 2666 tuis
890 2597 933 2656 ad·

240 2673 318 2732 ilios
333 2676 427 2736 missis
441 2676 453 2736 l
466 2696 534 2735 nam
548 2677 584 2736 ad
603 2696 651 2736 me
666 2677 703 2737 de
719 2697 757 2737 eo
775 2679 845 2739 nihil
860 2677 928 2738 scri-

121 2767 124 2776 '
186 2789 189 2794 ·
246 2752 334 2834 psilli.
354 2754 461 2840 Signa,
477 2778 542 2838 quae
561 2758 647 2817 nobis
666 2756 839 2831 curalli‚ea
864 2758 937 2819 sunt:

245 2836 281 2893 ad
302 2833 435 2916 cajetam
458 2840 590 2919 exposita
611 2858 618 2895 :
642 2859 696 2899 nos
716 2858 751 2898 ea
771 2860 831 2900 non
849 2840 930 2900 vidi-

148 2931 152 2938 ·
244 2935 327 2977 mus:
344 2922 533 2998 nequeenim
550 2921 675 2978 exeundi
690 2919 785 2979 Romi
801 2918 935 3001 potestas-

242 2997 326 3060 nobis
341 2998 413 3060 fuit:
431 3002 560 3062 misimus
571 3044 587 3075 ,.
596 3002 645 3079 qui
659 3021 714 3081 pro
733 2998 851 3065 vestuta
869 3000 930 3064 sol
