2117 3984
183 424 231 512 64
368 420 672 493 Euasrotat

902 487 912 508 11

183 536 303 598 nebunt.
317 532 381 596 Nos
393 535 440 595 hic
457 539 487 595 in
503 536 648 617 republica
661 531 791 607 infirma,
800 533 859 594 ini-¹
902 511 912 594 i

181 613 271 688 fera,
295 616 551 697 commutabilique
573 616 717 676 versamur
736 635 744 673 t
774 614 859 674 eredo
902 593 912 676 Ἰ.

184 700 262 756 enim
285 713 316 756 te
337 694 464 769 audiffe‚
487 694 599 756 nostros
616 698 729 777 equites
749 714 825 773 pene
844 701 861 752 'a
906 681 911 780 i

183 774 282 836 senatu
306 773 363 835 effe
383 773 559 853 disjuniios3
581 778 629 856 qui
648 776 774 854 primitm
794 771 862 834 illud
910 785 911 820 3

184 856 271 915 valde
313 858 416 915 ravitet
433 854 577 927 tulerunt,
597 855 812 935 promulgatum
828 869 863 914 ex

183 875 425 995 senatudionsutto
443 931 544 1004 suffe,
569 951 601 993 ut
622 933 659 992 de
677 936 736 1005 iis,
756 935 807 1013 'qui
826 929 863 992 ob

185 1010 370 1092 judicandum
388 1012 580 1090 accepiffent‚
596 1032 789 1094 quaereretur:
810 1031 864 1092 qua

186 1096 217 1154 itt
247 1115 277 1155 re
307 1094 490 1154 decernenda
518 1114 607 1175 quum
637 1113 692 1175 ego
716 1091 781 1152 casu
806 1111 866 1155 nott

186 1169 347 1246 affuissem,
366 1171 566 1254 sensiffemque
584 1174 614 1232 id
633 1170 797 1254 equestrem
818 1192 867 1232 ot·

187 1252 287 1313 dinem
311 1253 386 1313 ferre
409 1252 558 1326 moleste,
583 1273 678 1334 neque
702 1253 803 1332 aperte
822 1252 868 1312 di·

188 1352 281 1408 cere3
302 1332 453 1414 objurgavi
475 1332 629 1405 senatum,
648 1351 680 1393 ut
704 1333 773 1392 mihi
794 1330 868 1391 visui

188 1411 271 1487 sum,
291 1413 478 1473 summatum
492 1414 656 1474 audoritate
664 1432 674 1485 ;
697 1414 729 1471 δι
744 1415 774 1471 in
787 1409 871 1483 cause

189 1514 251 1554 nott
272 1494 436 1555 verecunda
457 1493 615 1553 admodum
643 1494 736 1587 gravis
763 1492 795 1551 ἃ
814 1512 869 1553 co-

189 1573 285 1652 piosus
309 1578 360 1635 iui.
384 1572 458 1634 Ecce
487 1576 549 1634 aliae
577 1574 687 1633 delictae
712 1574 869 1653 equitum,

189 1654 241 1712 vix
261 1652 412 1726 ferenda,
435 1675 504 1733 quas
523 1674 581 1733 ego
601 1675 662 1713 nott
682 1650 775 1711 solum
798 1653 870 1728 tuti,-

188 1731 344 1802 sedetiam
365 1736 475 1792 ornavi.
490 1732 624 1806 Asiani,
644 1735 693 1812 qui
714 1731 752 1792 de
772 1731 872 1798 censu·¹

190 1810 268 1870 ribus
286 1812 501 1885 conduxerant,
519 1810 609 1891 questi
627 1811 736 1872 suntin
753 1811 870 1886 senatu,

190 1889 241 1963 se,
261 1893 415 1969 cupiditate
433 1891 604 1970 prolapsos,
623 1889 743 1951 nimidm
764 1912 812 1951 ma
833 1911 872 1952 no

190 1969 373 2031 conduxisse:
389 1989 420 2030 ut
437 1971 618 2031 induceretur
633 1973 758 2044 locatio,
774 1914 871 2051 podu-

189 2049 330 2111 lavetunt.
354 2049 418 2131 Ego
449 2051 581 2132 princeps
611 2055 641 2111 in
665 2050 872 2128 adjutoribus,

190 2147 277 2209 atque
297 2132 371 2190 adeo
391 2130 528 2192 secundus
548 2153 556 2190 ε
581 2152 648 2191 nam
665 2149 696 2190 ut
714 2132 756 2191 illi
779 2131 873 2191 aude·

190 2226 256 2269 rent
278 2209 334 2270 hoc
357 2210 498 2292 postulare
520 2209 633 2273 Craffus
654 2232 707 2271 eos
733 2211 873 2292 impulit:

191 2290 332 2352 invidiosa
352 2313 397 2352 tes
414 2337 423 2363 ‚
443 2295 533 2373 turpis
551 2292 729 2371 postulatio,
755 2291 786 2349 ὃ(
801 2312 873 2351 cott-

192 2368 282 2431 fessio
304 2374 471 2432 temeritatis
491 2393 498 2429 :
519 2371 660 2431 summum
681 2389 743 2431 erat
761 2375 875 2450 pericu·

192 2448 274 2521 lum,
288 2471 342 2524 ne,
359 2454 380 2509 si
397 2451 465 2509 nihii
480 2450 691 2531 impetraffent‚
705 2452 791 2530 plane
805 2453 876 2512 alie·

193 2548 329 2590 narentur
350 2552 367 2587 a
387 2528 493 2591 senatu.
512 2531 589 2590 Huic
610 2551 726 2611 quoque
745 2533 787 2591 rei
807 2530 876 2590 sub·

192 2624 315 2668 ventum
336 2606 377 2667 est
392 2612 516 2670 maxime
536 2634 552 2669 a
570 2611 677 2683 nobis;
699 2610 876 2691 perfedium·

193 2705 278 2766 que,
299 2704 330 2747 ut
349 2686 579 2767 frequentissimo
598 2689 715 2765 senatu,
733 2692 763 2750 ἃ
782 2691 877 2752 liben-

193 2767 304 2826 tissimo
323 2783 491 2842 uterentur,
509 2771 655 2849 multaque
672 2793 689 2829 a
705 2790 752 2831 me
772 2772 810 2831 de
827 2794 877 2832 or·

194 2846 294 2906 dinum
310 2845 472 2926 dignitate,
493 2848 524 2907 &
545 2850 700 2909 concordia
722 2850 794 2910 ditia
813 2851 877 2914 sunt

196 2924 260 2988 Kal.
281 2925 425 2991 Decemb.
447 2928 478 2990 ὃ(
497 2926 651 3012 postridie:
669 2951 762 3013 neque
782 2933 878 2995 adhuc
