2117 3984
254 495 316 554 'An
331 484 529 554 Amcunr
544 487 632 557 Lrn.
649 487 730 558 VII.
768 508 834 586 325

151 618 226 682 pere
243 599 314 680 quid
333 599 484 660 scriberem
497 622 506 673 ;
521 599 569 660 sed
588 620 619 661 ut
635 603 770 684 loquerer
787 621 838 664 te·

152 700 224 742 cum
246 679 369 753 absens,
408 703 447 741 uo
469 681 562 752 mihi,
584 702 672 761 quum
690 684 787 742 corlm
806 683 837 743 id

153 760 336 831 nonlicet,
365 702 435 820 nllil
461 760 501 820 est
522 759 682 838 jucundius.
704 761 837 842 Capuam

152 859 246 920 quum
255 837 394 900 venillem
408 862 434 899 a.
453 840 481 899 d.
492 858 529 900 vr
543 841 610 901 Kal.
625 841 737 921 pridie,
749 843 836 921 quim

151 921 206 980 lias
223 921 333 980 litteras
350 919 438 993 dedi,
456 919 585 981 consules
604 924 747 994 conveni,
761 924 835 982 rnul-

153 999 258 1080 tosque
282 996 370 1059 nostri
398 1000 516 1060 ordinis.
547 998 662 1061 Omnes
685 1002 837 1080 cupiebant

152 1079 321 1152 Caularem,
340 1078 465 1139 abdudlis
488 1081 652 1160 praesidiis,
673 1079 743 1142 {lare
760 1103 836 1140 con-

153 1160 312 1222 ditionibus
332 1161 386 1232 iis,
408 1180 477 1239 quas
494 1159 618 1221 tulisset:
636 1164 685 1220 uni
704 1161 836 1222 Favonio

152 1240 234 1378 leges
252 1239 356 1298 abillo
374 1241 458 1298 nobis
475 1242 588 1320 imponi
607 1262 667 1300 non
705 1242 834 1315 lacebat3

152 1320 182 1380 se
221 1322 245 1378 is
258 1319 333 1378 haud
348 1320 458 1378 auditus
470 1321 499 1377 in
511 1321 650 1379 consilio:
661 1263 738 1381 (ἵζω
755 1324 835 1382 enim

154 1401 164 1459 i
186 1399 215 1460 se
230 1397 290 1478 jam
309 1399 434 1471 servire,
456 1400 542 1479 quim
564 1420 690 1481 pugnare
708 1401 833 1471 mauult:

153 1421 205 1540 ild
224 1496 322 1540 tamen
340 1481 401 1552 ait,
417 1480 447 1537 in
466 1479 563 1539 senatu
580 1479 607 1539 se
628 1477 721 1539 adeffe
738 1481 834 1554 velle,

153 1579 243 1640 quum
264 1560 302 1620 de
321 1559 534 1620 conditionibus
553 1575 672 1641 agatur,
694 1563 717 1619 si
737 1558 833 1619 Caesar

152 1639 290 1701 addudlus
302 1642 337 1700 sit
349 1657 380 1699 ut
391 1640 520 1719 praesidia
533 1640 664 1699 deducar.
680 1637 740 1713 lta,
754 1640 835 1721 quod

150 1721 277 1782 maxime
292 1741 366 1799 opus
384 1716 443 1792 est,
458 1722 487 1779 in
504 1719 629 1780 Siciliam
646 1721 686 1778 ire
703 1741 763 1779 non
781 1740 834 1780 cu«

151 1817 215 1860 rat:
253 1800 314 1860 uod
331 1816 432 1859 metuo
451 1820 487 1860 ne
508 1801 604 1872 obsit,
621 1801 650 1858 in
664 1798 761 1860 senatu
776 1797 834 1861 elle

150 1881 226 1942 vult.
270 1878 395 1939 ostumus
413 1898 533 1953 autern,
558 1880 593 1939 de
614 1901 673 1960 quo
694 1881 832 1940 nomina-

150 1961 210 2028 tim,
220 1960 333 2020 senatus
351 1960 496 2034 decrevit,
508 1978 541 2020 ut
554 1958 645 2019 statim
662 1961 692 2019 in
708 1961 832 2020 Siciliam

150 2042 234 2115 iret,
260 2037 453 2119 Furfanioque
476 2039 667 2111 succederet,
692 2057 778 2177 ηεξατ
802 2039 831 2100 se

153 2123 217 2182 sine
242 2117 357 2181 Catone
379 2121 483 2180 iturum
501 2139 512 2191 ;
539 2120 571 2179 &
591 2118 668 2178 suam
687 2121 716 2178 in
746 2135 832 2179 enatu

151 2219 305 2279 operatu,
333 2199 586 2278 auuoritaremque
616 2197 703 2278 quim
734 2203 831 2278 magni

149 2278 278 2352 aestimat.
305 2277 349 2338 lta
377 2299 422 2340 res
448 2281 485 2339 ad
508 2279 650 2338 Fannium
676 2281 832 2356 pervenit:

149 2361 175 2418 is
199 2379 265 2420 cum
288 2361 410 2438 imperio
431 2362 461 2420 in
487 2358 613 2419 Siciliam
640 2359 834 2438 praemittitur.

148 2437 188 2510 ln
208 2438 442 2520 disputationibus
458 2437 559 2498 nostris
582 2438 689 2498 summa
708 2441 832 2498 varietas

148 2515 201 2588 est·
220 2519 351 2598 Plerique
370 2537 496 2599 negant,
516 2517 658 2578 Caesarem
679 2522 707 2577 in
725 2518 833 2578 condi-

148 2601 231 2668 tione
247 2597 426 2670 mansurum3
445 2597 645 2679 postulataque·
661 2597 722 2656 haec
740 2600 776 2658 ab
790 2619 832 2660 eo

148 2680 319 2760 interposita
340 2677 416 2752 elle,
437 2679 496 2759 quo
521 2682 634 2752 minus,
657 2679 738 2759 quod
755 2701 774 2739 o
796 2701 833 2740 us

147 2757 220 2820 eilet
238 2759 276 2819 ad
294 2759 425 2831 bellurn,
450 2781 466 2818 a
484 2761 570 2820 nobis
587 2777 741 2839 pararetur.
766 2701 832 2895 ἕὲο

147 2855 246 2899 autem
263 2858 331 2900 eum
355 2857 426 2920 puto
453 2838 590 2898 fadlururn
611 2884 621 2912 ‚
644 2857 676 2899 ut
701 2839 784 2918 praesi
805 2840 833 2894 ia

147 2919 295 2979 deducat:
321 2921 420 2980 vicerit
442 2922 547 2992 enirn,
575 2921 599 2978 si
624 2918 721 2979 consul
743 2915 832 2978 faetus

147 3001 223 3073 erit5
242 2999 275 3062 &
285 3001 399 3062 minore
419 2998 523 3061 scelere
534 3000 636 3065 vicerit
647 3042 657 3074 ,
670 2997 758 3078 quam
772 3013 833 3074 turo
