2117 3984
240 351 305 411 'An
322 340 532 409 Arttcrsrt
551 341 637 410 Lrn.
658 341 722 412 IV.
753 363 820 438 199

133 460 192 522 itta
211 460 282 529 sit,
307 454 401 517 nullus
425 454 511 516 dolor
533 475 580 515 me
605 460 705 540 angit;
729 479 821 520 unurn

136 543 232 602 omnia
251 534 335 620 posse
355 533 567 616 disrumpuntur
585 536 623 612 ii,
637 542 685 618 qui
704 560 751 601 me
765 541 821 600 ali·

137 621 202 700 quid
216 615 300 702 poffe
317 617 490 676 doluerunt:
506 616 596 677 multa
611 621 680 679 mihi
694 621 762 682 dant
773 621 821 681 so»

137 703 227 762 latiae
253 719 311 760 nec
330 715 428 758 tamen
447 717 504 780 ego
526 696 563 756 de
583 719 651 759 tneo
672 699 741 759 statu
761 701 818 762 de*

139 785 257 864 nigr03
279 797 403 860 quaeque
424 779 486 838 rita
506 780 631 842 maxime
648 778 689 838 est
706 781 743 840 ad
762 804 818 842 na-

91 861 95 890 *
138 879 255 932 turam,
278 859 316 920 ad
337 879 403 918 earn
423 877 471 918 me
493 856 616 934 refero,
643 861 674 920 δι
694 862 818 938 litteras3

139 939 274 1002 &studia
295 937 412 999 nostra:
434 938 551 1000 dicendi
566 940 699 1001 laborem
718 943 822 1004 deiec-

139 1023 240 1084 tatione
258 1021 387 1081 oratorii
408 1018 552 1080 consolor.
569 1018 684 1082 Domus
702 1043 769 1097 nte,
785 1023 819 1083 δι

140 1123 197 1164 tunt
210 1099 308 1165 nostra
325 1097 486 1160 delediant:
505 1119 566 1160 non
585 1102 722 1163 recordor
738 1104 817 1166 unde

142 1183 313 1256 ceciderim,
331 1178 382 1240 sed
397 1179 475 1241 unde
490 1178 678 1244 surrexerim:
698 1183 817 1247 fratrent

141 1283 246 1326 ntecurn
265 1261 300 1324 &
316 1279 348 1322 te
367 1263 391 1321 si
406 1259 542 1336 habebo,
559 1283 611 1342 per
627 1283 674 1324 me
694 1263 743 1324 issa
762 1286 819 1346 pe·

141 1343 212 1406 dibus
227 1343 395 1406 vallantur:
410 1342 495 1401 vobis
515 1345 731 1420 ἶμφιλοήφιῖσκι
748 1345 820 1424 pos-

143 1421 198 1486 sunt.
216 1423 319 1484 Locus
338 1421 388 1482 ille
410 1425 497 1481 animi
519 1419 634 1496 nostri,
655 1419 817 1486 stomachus

142 1503 181 1564 tbi
199 1503 354 1566 habitabat
380 1503 473 1576 olim,
501 1502 682 1562 concaliuit:
707 1508 819 1584 privata

139 1583 218 1646 modd
237 1628 249 1659 ‚
270 1585 305 1646 δι
325 1581 483 1643 domestica
503 1604 558 1643 nos
582 1581 734 1646 deletiant.
754 1585 819 1646 Mi·

138 1683 188 1724 tant
206 1663 395 1726 securitatem
416 1663 528 1724 videbis
546 1683 556 1735 ;
584 1660 664 1741 cujus
685 1665 816 1743 plurirnae

138 1745 295 1806 mehercule
318 1761 415 1824 partes
439 1741 547 1803 suntin
564 1759 615 1803 tuo
636 1745 750 1806 reditu:
766 1747 817 1810 πιέ-

139 1844 180 1886 nto
198 1827 280 1886 enirn
302 1826 436 1883 interris
457 1821 498 1884 est
520 1826 589 1882 mihi
607 1843 666 1884 tarn
690 1829 815 1889 consen·

140 1907 268 1966 aientibus
291 1903 432 1966 sensibus.
456 1903 514 1964 Sed
538 1906 637 1984 accipe
664 1906 727 1969 alia.
756 1909 816 1970 Res

141 1983 451 2066 fluitadinterregnunt
462 2006 471 2057 3
482 1986 513 2044 &
524 1984 565 2045 est
577 1987 733 2047 nonnullus
741 1992 816 2051 odor

89 2047 91 2142 f
145 2063 304 2125 didaturae:
334 2064 430 2124 sermo
458 2065 576 2146 quidem
603 2068 709 2128 multus
733 2089 742 2140 3
765 2074 814 2151 qui

89 2145 91 2160 ²
143 2147 221 2206 etiam
236 2143 397 2208 Gabinium
415 2146 491 2224 apud
507 2146 626 2205 timidos
642 2142 750 2222 judices
770 2153 818 2210 ad·

140 2221 212 2297 juvit.
226 2225 387 2287 Candidati
400 2225 560 2286 consulares
580 2247 683 2285 ornnes
702 2231 742 2288 rei
754 2247 816 2289 ant·-

139 2303 228 2366 birds:
247 2307 364 2368 aceedit
387 2308 473 2365 etiarn
495 2305 659 2380 Gabinius3
678 2329 766 2388 quem
786 2310 817 2374 P.

138 2382 208 2446 Sulla
219 2429 230 2460 ,
241 2409 305 2448 non
319 2387 454 2447 dubitans
471 2391 541 2467 quin
553 2387 623 2448 fotis
637 2386 724 2463 effer,
745 2393 815 2470 pos-

139 2469 251 2541 tularat,
267 2466 371 2528 contri
389 2467 503 2528 dicente
524 2469 556 2527 ἃ
576 2469 644 2528 nihil
661 2473 813 2536 obtinente

139 2541 295 2628 Torquato.
318 2547 379 2607 Sed
401 2566 503 2607 omnes
524 2548 704 2611 absolventur
724 2573 734 2626 ;
758 2577 814 2617 nec

137 2625 244 2704 posthac
260 2627 412 2767 quisauam
423 2629 622 2704 damnabitur,
634 2635 688 2692 nisi
700 2637 748 2715 qui
760 2639 815 2697 ho·-

138 2709 238 2768 mittem
258 2710 323 2767 occi
346 2711 409 2768 erit.
429 2709 496 2770 Hoc
513 2727 611 2772 tamen
628 2733 643 2771 t
663 2716 717 2775 itur
733 2715 815 2777 seve-

137 2787 209 2845 riis:
234 2789 333 2870 itaque
357 2789 462 2849 indicia
486 2792 591 2853 calent.
627 2733 669 2853 ii
693 2793 812 2855 Fulvius

140 2863 265 2930 Nobilior
285 2870 494 2932 condemnatus
515 2871 576 2935 est:
597 2873 677 3011 ωιίἰιὶ
699 2875 745 2932 aiii
763 2897 814 2934 ur·

672 2976 701 3012 tv
