2117 3984
262 469 331 544 23²
458 450 811 523 Errsrorrr-

313 581 316 586 '
353 581 514 647 Crcaao
555 584 720 650 Arrrco
763 587 851 650 SAL.

263 676 451 794 18.Qurtrt
472 715 579 775 vellem
598 713 703 774 Romae
720 713 813 789 effes,
830 716 855 774 si
869 709 941 774 forth

260 815 321 854 non
338 815 369 854 es
386 815 393 852 :
410 795 479 853 nihil
499 797 577 856 enim
594 799 663 854 certi
674 795 874 868 habebamus,
889 795 941 854 nisi

260 873 402 955 accepisse
423 896 478 934 nos
494 893 557 935 tuas
573 875 678 935 litteras
696 898 723 936 a.
745 875 776 935 d.
798 892 859 935 xlv
878 872 941 934 Kal.

261 955 342 1017 Sext.
360 955 439 1016 datas
458 976 469 1027 ;
484 958 513 1013 in
530 955 633 1035 quibus
652 955 788 1035 scriptum
805 952 897 1026 effer,
914 970 942 1014 te

260 1036 292 1094 in
309 1036 432 1115 Epirum
457 1038 563 1094 iturum
584 1037 694 1095 circiter
720 1036 788 1094 Kal.
812 1033 942 1096 Sextiles·

261 1116 321 1176 Sed
340 1119 401 1176 sive
416 1113 520 1174 Roma
546 1136 599 1188 es,
621 1119 682 1176 sive
701 1118 731 1175 in
750 1114 861 1196 Epiro,
879 1113 942 1174 Par·

261 1197 303 1254 thi
322 1194 499 1274 Euphratem
517 1197 688 1255 transierunt
708 1196 782 1256 duce
806 1193 941 1272 Pacoro,

262 1273 374 1335 Orodis
385 1277 459 1356 regis
479 1274 648 1336 Parthorum
666 1274 747 1350 filio,
760 1275 869 1337 cunetis
887 1274 943 1336 fere

260 1359 356 1436 ,copiis
376 1376 383 1414 ε
404 1355 521 1416 Bibulus
542 1358 674 1417 nondum
698 1357 869 1417 audiebatur
891 1352 942 1415 esse

263 1438 292 1495 in
318 1436 425 1517 Syria:
445 1434 561 1496 Cassius
584 1439 614 1495 in
640 1437 752 1517 oppido
782 1435 943 1496 Antiochia

264 1537 332 1576 cum
358 1520 438 1578 omni
463 1519 589 1578 exercitu
607 1538 685 1575 :nos
707 1520 737 1574 in
758 1514 805 1576 Ca
848 1516 945 1577 adocia

259 1598 303 1656 -ad
332 1596 462 1657 Taurum
493 1618 560 1656 cum
590 1598 714 1657 exercitu
738 1596 776 1655 ad-
833 1593 946 1676 ybistra

260 1675 364 1736 -Hostis
372 1679 402 1736 in
413 1675 613 1757 Cyrrhestica,
625 1699 688 1757 quae
700 1676 791 1756 Syriae
802 1696 871 1755 pars
884 1697 947 1756 pro·

260 1759 344 1815 -uima
368 1755 409 1817 est
438 1760 594 1834 provinciae
618 1778 700 1817 meae.
723 1755 778 1815 His
806 1755 844 1818 de
865 1757 945 1818 rebus

261 1834 363 1916 scripsi
374 1836 411 1895 ad
425 1836 573 1908 senatum3
584 1857 652 1915 quas
664 1838 771 1897 litteras
785 1880 795 1907 ‚
810 1839 835 1896 si
847 1835 946 1897 Roma

266 1934 318 1986 es,
332 1915 442 1975 videbis
455 1917 574 1994 putesne
584 1917 745 1976 reddendas
759 1937 769 1989 ;
792 1917 827 1976 δι
840 1917 946 1990 muln,

265 1994 358 2054 immo
376 1998 473 2054 omnia
490 2014 636 2075 :quorum
652 2002 794 2070 κεφάλαιον
805 2040 817 2071 ,
828 2015 866 2056 ne
882 1995 947 2078 quid

266 2076 342 2134 inter
364 2074 455 2147 cae'sa,
476 2075 507 2133 &
526 2076 674 2155 porredia‚
691 2094 723 2135 ut
734 2076 835 2148 aiunt,
854 2077 947 2137 oneris

267 2155 338 2213 mihi
357 2154 492 2227 addatur,
508 2174 556 2214 aut
575 2158 724 2235 temporis.
743 2153 840 2216 Nobis
852 2159 947 2230 enim,

262 2235 320 2295 -hac
349 2234 512 2295 infirmitate
533 2237 674 2297 exercitiis
695 2279 704 2306 ‚
732 2235 836 2313 inopia
857 2235 948 2296 socio-

264 2337 349 2388 -rum,
360 2316 515 2395 praesertim
524 2315 653 2376 fidelium
665 2361 673 2387 ,
684 2316 877 2376 certissimum
886 2315 947 2376 sub.-

261 2397 375 2455 sidium
386 2394 426 2456 est
438 2397 547 2456 hiems:
561 2417 595 2456 ea
604 2400 629 2455 si
635 2397 761 2468 venerit,
770 2413 826 2454 nec
835 2396 878 2456 illi
887 2397 951 2458 anti

262 2478 299 2535 in
322 2497 416 2537 meam
442 2479 624 2556 provinciam
648 2476 810 2536 transierint
828 2495 951 2547 ‚unum

269 2576 395 2630 vereor,
421 2577 458 2616 ne
486 2557 618 2630 senatus,
638 2573 756 2637 propter
781 2554 951 2620 urbanarum

269 2654 365 2694 rerum
380 2654 492 2696 metum
504 2682 514 2709 ,
526 2635 696 2716 Pompeium
706 2633 779 2700 nolit
794 2633 952 2698 dimittere.

270 2713 364 2793 Quod
375 2719 398 2773 si
409 2716 496 2775 alium
511 2717 547 2775 ad
562 2737 614 2777 ver
630 2717 735 2787 mittit,
751 2735 816 2773 non
831 2715 950 2777 laboro:

269 2796 354 2854 nobis
374 2797 465 2855 modo
476 2801 615 2934 temporis
627 2818 665 2857 ne
683 2795 751 2874 quid
768 2814 952 2878 prorogetur.

271 2875 344 2934 Haec
367 2877 475 2956 igitur,
500 2879 522 2936 si
568 2898 643 2935 omae
659 2897 690 2936 es
707 2895 714 2932 :
733 2876 775 2932 sin
795 2874 885 2949 abes,
908 2892 957 2937 aut

271 2959 395 3017 etiamsi
415 2957 507 3032 ades,
525 2956 586 3018 haec
604 2957 720 3037 negotia
740 2956 781 3016 sic
799 2953 828 3016 se
839 2956 957 3018 hahens.
