2117 3984
282 481 343 534 no
365 465 574 532 Arrrcmu
594 464 681 531 Lm.
703 461 767 531 IV.
800 485 860 558 195

180 581 213 644 lii
230 601 358 663 generos
378 579 559 650 Scaevolam‚
578 577 609 638 δι
629 577 780 639 Fannium.
809 577 868 639 Ira-

183 683 238 744 que
251 661 439 744 cogitabam‚
451 663 590 742 quoniam
609 661 638 717 in
656 661 772 738 singulis
789 659 866 719 libris

182 759 249 804 utor
265 744 438 824 prooemii5‚
453 745 485 802 ut¹
501 743 661 818 Α’ςισοτὶλις
677 741 706 798 in
723 741 777 812 iiS,
794 760 867 820 quos

178 823 332 898 -ἰξιημιιῖς
351 837 460 897 vocat,
480 817 588 900 aliquid
604 815 740 894 efficere,
760 837 868 881 utnon

185 903 245 962 eine
263 901 352 962 causd
369 899 453 962 istum
471 900 670 981 appellarem
685 901 715 959 id
732 899 811 979 quod
825 903 871 961 in-

185 981 283 1062 telligo
299 983 358 1042 ¹tibi
379 984 515 1063 placere:
535 980 642 1040 utinam
661 980 753 1040 modo
770 1001 869 1042 conata

187 1059 299 1124 efficere
321 1067 453 1142 possim:
470 1080 534 1122 rem
553 1063 651 1132 enim,
664 1062 743 1142 qnod
761 1078 790 1122 te
809 1081 869 1122 non

187 1139 283 1224 fugit,
306 1163 444 1224 magnam
469 1139 638 1220 complexus
659 1141 718 1200 sum
744 1141 775 1201 &
798 1161 869 1224 gra-

187 1241 271 1295 vem,
293 1221 327 1282 δι
349 1223 464 1320 plurimi
486 1223 563 1292 otii,
586 1241 645 1302 quo
666 1233 723 1302 e'go
743 1225 869 1285 maxime

189 1320 268 1384 egeo.
292 1299 392 1382 Quod
415 1305 446 1362 in
471 1304 504 1363 iis
523 1301 624 1374 libris,
644 1322 718 1381 quos
744 1303 866 1382 laudas,

188 1381 336 1464 personam
357 1383 503 1445 desideras
525 1381 694 1455 Scaevolae,
722 1403 782 1442 non
801 1403 867 1444 eam

185 1465 291 1530 ,temere
312 1463 452 1537 dinrovi3
474 1462 524 1523 sed
542 1462 599 1524 ieci
618 1463 717 1535 idem,
739 1465 819 1542 quod
837 1468 867 1523 in

189 1545 302 1623 mairie
322 1544 395 1604 deus
413 1545 463 1605 ille
483 1540 579 1602 noster
604 1542 705 1602 Plato:
729 1563 819 1623 quum
836 1547 866 1604 in

186 1617 321 1684 Frneum
342 1623 476 1686 Socrates
493 1620 613 1684 veniffer
632 1623 667 1680 ad
686 1619 870 1703 Cephalum,

183 1703 363 1784 -locupietem
377 1705 410 1765 δι
421 1703 554 1766 festivum
567 1701 685 1777 senem,
699 1705 795 1784 quoad
808 1709 870 1787 pri-

185 1801 247 1844 mun
271 1783 323 1844 ille
347 1783 444 1846 sermo
465 1785 637 1856 haberetur,
659 1782 736 1844 adest
756 1788 784 1845 in
807 1787 868 1846 dis·

188 1863 315 1942 putando
336 1863 447 1926 senex:
468 1865 573 1925 deinde
593 1884 681 1944 quum
704 1865 763 1946 ipse
784 1887 864 1948 quo-

222 1963 239 2004 e
256 1947 498 2006 commodissime
511 1945 623 2006 locutus
638 1943 729 2018 esset,
746 1945 782 2006 ad
800 1966 864 2008 rem

207 2025 314 2086 'vinam
333 2025 405 2088 dicit
423 2025 451 2088 se
474 2025 551 2086 velle
570 2025 715 2085 discedere
733 2045 741 2096 ;
769 2047 865 2109 neque

188 2101 286 2182 postea
296 2110 460 2168 revertitur.
477 2104 576 2167 Credo
590 2105 740 2166 Platonem
754 2110 802 2166 vix
813 2129 868 2189 pu-

194 2181 259 2244 nire
275 2183 335 2248 saris
352 2186 513 2247 consonum
526 2185 613 2259 fore,
631 2187 653 2243 si
670 2186 819 2246 hominem
836 2190 866 2247 id

190 2265 279 2326 euris
292 2267 320 2326 in
335 2285 399 2328 tam
415 2268 505 2352 longo
522 2266 654 2327 sermone
676 2266 779 2324 diutius
795 2271 868 2326 reti-

187 2341 306 2406 nuidet:
322 2349 418 2408 multo
436 2369 453 2409 e
474 2371 492 2408 o
507 2347 591 2407 sarius
605 2347 663 2405 hoc
678 2346 747 2404 mihi
763 2367 868 2408 caven-

188 2423 256 2486 dum
300 2431 383 2488 utavi
406 2432 436 2487 in
455 2369 587 2490 {caer'ola
606 2469 616 2500 ‚
641 2429 689 2524 qui
712 2426 743 2484 &
762 2445 866 2504 aetate,

187 2503 218 2564 dt
238 2447 410 2570 vaietudine
432 2526 493 2568 erat
512 2508 574 2580 ozi,
602 2527 660 2588 qua
679 2505 734 2567 effe
759 2513 866 2570 memi-

188 2581 268 2659 nisti,
287 2587 321 2648 &
343 2591 379 2648 iis
400 2587 580 2661 honoribus,
606 2605 637 2647 ut
656 2590 705 2648 vix
725 2587 787 2649 saris
809 2591 867 2653 de·

188 2685 288 2728 rorum
304 2667 471 2742 videretur,
486 2688 553 2730 eum
572 2667 666 2747 plures
686 2669 745 2728 dies
760 2670 815 2733 effe
836 2677 866 2733 in

189 2741 286 2808 Crassi
307 2745 494 2810 Tusculano:
514 2750 545 2808 &
560 2766 620 2808 erat
634 2751 716 2827 primi
730 2750 793 2813 libri
809 2753 868 2814 ser·

188 2843 236 2886 mo
253 2847 316 2887 non
337 2829 447 2890 alienus
467 2853 483 2889 a
501 2828 638 2889 Scaevolae
656 2827 759 2891 studiis.
782 2834 868 2892 Reli·

171 2981 174 2988 .
190 2907 237 2984 qui
252 2905 318 2967 libri
336 2911 506 2986 σιχιιλογῖιυ
524 2909 650 2984 habent,
669 2929 700 2970 ut
716 2910 785 2971 scis:
801 2913 868 2969 huic

191 2979 367 3060 joculatorie
380 2989 480 3052 senem
494 2989 596 3067 illum,
613 3007 644 3051 ut
659 3012 745 3127 norlar¹
757 3037 766 3064 ‚
779 2993 868 3052 inter·

729 3090 747 3146 'J
