2117 3984
209 470 255 540 66
398 468 695 534 Errsrora

205 602 269 663 quae
288 599 336 641 me
356 580 425 639 curri
444 579 540 660 aliqui
561 577 708 651 afliciunt,
725 576 783 637 uni
801 599 895 646 corn·¹

206 664 370 722 municem:
386 663 434 741 qui
451 680 499 719 me
518 676 615 731 amer,
631 662 679 739 qui
698 659 807 738 sapiat,
824 661 898 740 quie

206 764 272 801 cum
294 762 349 823 ego
373 742 550 820 colloquar,
576 741 645 798 nihil
665 739 795 820 fingam,
818 739 888 800 nihi

208 822 416 894 dissimulem,
440 820 510 879 nihil
531 819 679 901 obtegam.
697 818 789 878 Abest
812 822 894 880 enim·

206 902 294 963 frater
312 900 503 973 dorsis-aloe,
523 900 555 959 &
572 900 803 959 amantissimus:
822 897 890 962 Me·

208 983 293 1043 tellus
316 1000 376 1039 non
399 979 512 1053 homo,
531 979 580 1041 sed
599 981 699 1053 linus,
718 999 805 1059 arque
821 983 890 1056 air,

209 1061 381 1123 &solitudo
406 1079 504 1119 mera:
526 1078 698 1130 mantem,
720 1062 771 1139 qui
794 1058 891 1140 saepis·

210 1144 283 1202 sime
301 1161 417 1212 curam,
437 1140 469 1199 &
489 1160 627 1223 angorem
650 1142 736 1199 animi
756 1143 816 1199 mei
834 1138 891 1200 sen

209 1242 319 1295 mone,
343 1221 375 1279 ἃ
393 1220 513 1280 consilio
534 1219 631 1281 levasti
647 1239 697 1279 tuo
717 1238 727 1291 ;
750 1220 801 1300 qui
822 1217 891 1292 milri

210 1302 243 1362 &
265 1304 294 1360 in
320 1301 434 1380 publica
459 1320 491 1360 re
517 1298 637 1372 socius,
667 1300 699 1359 δι
721 1301 752 1357 in
775 1301 892 1378 privati!

210 1381 344 1440 omnibus
367 1378 518 1453 conscius,
546 1382 578 1439 δι
606 1382 737 1439 omniurn
759 1399 892 1440 meorum

208 1459 398 1534 sermonum,
416 1459 448 1519 &
466 1461 651 1519 consiliorum
673 1462 818 1539 particeps
836 1455 893 1522 effe

211 1540 312 1615 soles,
335 1542 453 1601 ubinam
474 1560 506 1600 es
527 1538 539 1598 ἓ
560 1542 599 1599 ira
619 1538 680 1599 sum
702 1539 737 1599 ab
759 1541 892 1606 omnibu

213 1621 384 1694 destitutus,
404 1639 436 1681 ut
455 1638 566 1680 tantum
585 1622 720 1701 requietis
742 1620 893 1694 habeam-⁹.

213 1719 353 1781 quantum
373 1721 437 1757 curn
457 1721 573 1773 uxore,
595 1700 627 1759 ὃ(
646 1698 755 1772 filiola,
771 1700 804 1760 &
821 1699 894 1768 mel·

213 1781 265 1840 lito
287 1779 431 1840 Cicerone
455 1780 637 1839 consumitur.
662 1780 737 1839 Nam
757 1782 814 1840 illae
831 1801 894 1858 arn*

212 1858 322 1920 bitiosae
342 1856 443 1918 nostrie
460 1858 624 1938 fucosaeque
641 1861 771 1920 amiciriae
790 1857 893 1922 sunti'n

215 1940 344 2019 quodam
368 1938 519 2018 splendore
543 1938 672 2011 forensi3
697 1938 819 1999 fruslum
837 1940 894 2002 do·

213 2018 363 2079 mesticum
378 2040 437 2077 non
451 2018 575 2077 habent:
590 2020 702 2098 itaque,
715 2040 805 2098 quum
820 2021 894 2081 berre

215 2099 361 2178 completa
381 2098 483 2157 domus
503 2096 564 2170 est,
583 2116 716 2179 tempore
734 2103 895 2174 matutino,

216 2198 305 2258 quum
329 2178 365 2237 ad
393 2177 489 2238 forum
509 2176 603 2259 stipati
624 2178 757 2259 gregibus
785 2183 897 2241 amico·

215 2280 279 2319 rum
296 2257 512 2331 descendimus,
527 2261 652 2337 reperire
670 2278 706 2317 ex
722 2280 828 2342 magna
840 2279 898 2322 tur·

215 2340 254 2399 ba
272 2343 421 2400 neminem
442 2337 610 2419 pollurnus,
634 2360 760 2418 quocum
781 2358 829 2399 aut
846 2338 898 2419 jo·

217 2422 275 2479 cari
287 2419 394 2492 libere,
407 2436 456 2477 aut
470 2417 605 2498 suspirare
618 2418 792 2481 familiariter
806 2423 899 2500 possi÷

216 2519 292 2559 mus.
321 2498 423 2575 Quare
442 2516 471 2560 te
490 2498 708 2578 exspectamus,
730 2519 759 2560 re
783 2501 900 2562 deside·

217 2598 332 2649 ramus,
352 2597 380 2638 re
401 2577 458 2657 jam
478 2582 565 2639 etiam
585 2582 754 2641 arcessimus
775 2601 782 2638 :
811 2582 900 2642 multa

219 2660 298 2718 enim
309 2658 389 2729 sunt,
406 2680 468 2737 quae
482 2678 529 2718 me
548 2658 699 2723 sollicitant
714 2679 900 2743 aguntque,

219 2758 284 2818 quae
301 2737 371 2797 mihi
383 2739 506 2810 videor,
521 2761 602 2801 aures
615 2740 710 2800 nasius
722 2759 803 2812 tuas,
817 2745 901 2805 unlus

220 2817 419 2879 ambulationis
437 2816 568 2880 sermone
586 2821 733 2881 exhaurire
748 2819 839 2901 polle·
856 2823 901 2883 Ac

220 2895 439 2958 domesticarum
459 2900 577 2979 quidem
597 2900 817 2962 sollicitudinum
837 2923 901 2962 acu

220 2978 285 3042 leos
304 2998 426 3054 omnes,
444 2979 476 3041 δι
495 2979 640 3062 scrupulos
660 2981 836 3057 occultab03
851 3002 901 3048 ue·
