2117 3984
258 481 320 534 AD
340 463 551 532 Amcvnt
570 464 656 534 Lm.
677 465 709 537 1.
776 471 821 562 63

156 577 232 651 nonis
248 581 482 642 communicatio
494 623 506 655 ‚
520 601 586 662 quoe
603 581 672 641 mihi
688 581 827 644 suavissi-

151 678 189 718 ma
201 677 299 720 tecum
313 658 391 720 solet
406 658 486 734 effe,
503 663 628 723 maxime
646 661 740 723 deest:
755 665 826 746 quid

149 739 233 799 dicem
249 741 282 799 in
298 741 419 821 publica
431 740 489 802 te?
506 762 567 822 quo
585 744 614 801 in
634 761 738 823 genere
752 746 825 806 mihi

144 820 297 902 negligenti
322 818 380 881 effe
401 839 464 881 non
486 822 556 882 licet
574 842 583 893 3
604 843 641 882 an
663 824 692 881 in
714 822 822 885 fonensi

142 899 237 961 labore
253 899 265 960 i
283 919 375 981 quem
394 918 480 962 anteo
494 920 616 983 propter
633 903 823 965 ambitionem

143 978 334 1053 sustinebam
358 999 468 1055 nune,
497 999 531 1041 ut
555 983 728 1064 dignitatem
751 985 823 1045 tueri

140 1062 226 1142 gatii
235 1062 371 1142 possim
382 1081 419 1120 an
429 1063 459 1120 in
471 1063 540 1141 ipsis
550 1060 715 1123 domesticis
725 1083 822 1146 nego·

100 1163 104 1172 ·
138 1140 204 1201 tiis?
228 1141 261 1199 in
292 1139 398 1222 quibus
424 1161 484 1222 ego
512 1161 601 1222 quum
629 1160 736 1216 tmen,
759 1162 822 1205 tum

89 1273 91 1296 ;
137 1221 203 1282 veto
223 1215 293 1301 post
310 1217 460 1281 discensum
475 1220 569 1281 fratris
588 1240 639 1295 te,
662 1222 824 1284 sermones·

89 1303 92 1340 ²
137 1321 188 1382 qne
199 1300 320 1362 nostros
334 1300 487 1361 desidero:
504 1300 649 1381 postremo
664 1323 725 1363 non
738 1304 823 1364 labor

137 1401 238 1456 muts,
258 1402 324 1442 non
343 1384 478 1462 requies3
494 1403 556 1441 non
571 1386 742 1465 negotium,
761 1405 824 1446 non

138 1464 243 1536 otium
256 1483 322 1522 non
336 1460 465 1523 forenses
480 1482 546 1557 tes,
561 1483 622 1523 non
637 1461 824 1538 domesticae,

138 1544 826 1704 'eninissnfflffznzzinsssstssffi

144 1702 218 1777 xiiio,
238 1725 275 1764 nc
295 1703 434 1765 sermone
456 1701 580 1784 poffunt.
600 1701 700 1785 Atque
720 1703 822 1766 harum

140 1801 226 1846 rernm
244 1788 561 1845 commemorationem
577 1784 753 1844 verecundia
766 1784 822 1845 ste·

137 1881 172 1943 pe
185 1865 343 1945 impedivit
354 1863 496 1944 utriusque
509 1863 657 1925 nostrssm:
675 1885 752 1927 nunc
768 1886 820 1925 au-

138 1958 194 2004 nem
214 1965 252 2006 ea
269 1945 326 2005 fuit
348 1942 499 2005 necessaria
517 1965 638 2025 propter
661 1966 726 2005 eam
749 1967 822 2027 pnr-

139 2038 195 2084 tem
218 2025 350 2106 epistole
372 2043 452 2098 tuae,
473 2044 630 2105 perquam
651 2044 680 2086 te
700 2048 733 2086 ac
754 2049 823 2086 mo·

138 2123 183 2164 tes
198 2123 264 2165 tuos
285 2105 357 2164 mihi
378 2124 539 2185 purgatos,
557 2126 591 2164 ac
609 2110 748 2185 probatos
764 2104 823 2168 effe

141 2183 260 2244 voluisti.
275 2185 373 2266 Atque
387 2189 417 2244 in
430 2183 481 2244 ista
494 2186 734 2246 incommoditate
752 2188 820 2249 alie·

139 2266 198 2323 nati
220 2266 290 2326 illins
312 2268 421 2340 animi,
441 2266 473 2324 &
495 2264 600 2324 offensi
621 2308 630 2335 ‚
650 2261 729 2324 'inud
750 2264 821 2327 inest

136 2361 230 2405 tamen
249 2348 423 2417 commodi,
443 2345 522 2426 quod
541 2346 572 2404 St
588 2343 679 2414 mihi,
697 2345 728 2403 &
746 2364 822 2406 cete·

135 2426 171 2485 tis
194 2430 292 2487 amicis
315 2431 371 2489 tuis
395 2444 465 2486 nota
486 2424 566 2498 fuit,
594 2425 626 2483 &
647 2424 697 2484 abs
719 2443 748 2485 te
769 2426 822 2484 ali·

135 2508 249 2586 quando
265 2507 413 2569 testificata
430 2524 478 2566 tua
499 2506 633 2565 voluntas
652 2506 822 2566 omittendae

134 2591 311 2666 provinciae3
330 2604 363 2649 ut
375 2633 384 2661 ‚
397 2586 479 2665 qnod
497 2586 555 2645 uni
575 2605 636 2645 non
656 2583 740 2658 estis,
758 2607 820 2648 non

133 2666 331 2743 dissensione,
352 2689 385 2726 ac
408 2667 527 2726 dissidio
547 2664 642 2726 vestro
659 2711 669 2738 ‚
689 2666 738 2728 sed
759 2689 820 2728 vo·

132 2746 239 2809 hinnate
261 2794 270 2822 ,
293 2768 326 2807 ac
351 2747 458 2825 jndicio
480 2764 532 2807 tuo
561 2745 667 2805 fastum
690 2746 746 2808 effe
767 2751 819 2809 vi-

131 2828 233 2889 deatur
248 2849 256 2887 :
270 2849 361 2909 qnare
377 2827 408 2887 &
424 2826 488 2900 illa,
502 2846 567 2909 que
579 2827 703 2902 violata,
721 2831 819 2907 expia·

132 2908 257 2980 buntur3
279 2910 310 2968 &
329 2909 392 2967 haec
409 2905 522 2982 nostra,
542 2927 605 2986 quae
625 2907 688 2967 sunt
707 2906 820 2967 sanffis-

130 2990 201 3052 sime
224 2990 424 3064 conservata,
448 2988 526 3051 suem
546 2989 719 3070 religionem
741 2988 820 3049 obti-
