2117 3984
218 478 282 540 'An
295 472 500 541 Arrrcunr
513 473 600 541 Lrn.
615 471 716 543 VIH.
744 494 808 571 353

133 583 189 648 Dii
206 589 408 662 immortales,
425 590 473 670 qui
494 608 542 649 me
554 589 655 649 horror
670 590 817 670 perfudit!

135 668 224 808 grim
236 667 297 728 sum
315 669 449 729 sollicitus
465 669 602 748 quidnam
619 669 741 730 futurum
761 672 817 732 sit!

167 767 206 808 oc
224 763 324 808 tamen
345 749 447 830 spero,
473 768 611 829 magnum
632 768 740 810 nomen
759 754 817 810 im-

134 830 278 908 peratoris
296 827 380 903 fore,
402 848 540 909 magnum
559 830 589 887 in
610 828 737 888 adventu
755 847 818 890 ter-

134 927 288 969 rorem...
300 950 308 968 .
321 908 413 989 Spero
437 912 545 981 etiarn,
563 911 701 988 quoniam
728 909 818 971 adhuc

135 987 206 1048 nihil
225 989 312 1048 nobis
324 990 436 1063 obfuit,
456 990 526 1049 nihil
542 987 670 1048 mutasse.
690 987 753 1049 Nec
771 1008 821 1050 ιε’-
882 1050 885 1056 ,

137 1069 237 1150 gentia
254 1068 311 1127 hoc
325 1113 335 1143 ,
350 1070 429 1150 quod
454 1089 543 1151 quum
567 1068 680 1129 fortiter
701 1072 734 1130 &
756 1070 822 1129 dili·

140 1164 265 1230 genter,
281 1166 343 1208 tuni
364 1151 451 1209 etiam
474 1149 704 1209 mehercule....
723 1149 821 1210 Modo

138 1230 219 1289 enim
244 1229 341 1288 audivi
359 1246 525 1309 quartanam
550 1250 568 1287 a
585 1244 613 1287 te
642 1228 820 1291 discessisse:

139 1309 271 1379 moriar,
290 1312 312 1366 si
332 1310 422 1389 magis
438 1309 621 1390 gauderem,
649 1309 673 1366 si
698 1310 729 1368 id
751 1310 822 1370 mihi

137 1384 292 1448 accidiffet.
310 1386 389 1448 Piiiae
405 1388 452 1446 dic
467 1409 527 1447 non
542 1385 598 1447 effe
609 1405 742 1466 oequurn,
755 1407 821 1449 eam

137 1467 248 1528 diutius
260 1466 382 1542 habere,
394 1488 448 1526 nec
465 1468 495 1527 id
512 1466 568 1528 effe
582 1465 680 1526 vestrae
700 1489 824 1528 concor·

140 1546 207 1608 dia.
225 1545 367 1608 Tironem
389 1546 515 1607 nostrum
534 1547 570 1607 ab
588 1547 677 1607 altera
696 1546 824 1608 relidunt

140 1627 230 1689 audio
241 1626 309 1688 :sed
322 1648 389 1689 eum
406 1628 495 1689 video
509 1629 540 1686 in
557 1625 701 1706 sumptum
713 1630 750 1687 ab
764 1628 825 1688 {diis

141 1715 328 1780 mutuatum
345 1729 401 1790 ego
421 1727 517 1768 autem
538 1705 659 1767 Curium
676 1706 822 1782 nostrum,

142 1789 170 1882 ri
186 1787 261 1869 quid
281 1809 355 1867 opus
370 1786 459 1860 estet,
476 1808 618 1926 rofaram.
636 1786 718 1847 Malo
735 1786 826 1848 Tiro-

142 1885 187 1926 nis
208 1868 413 1929 verecundiam
432 1870 460 1927 in
477 1888 561 1949 cupa
579 1865 654 1942 effe,
677 1867 764 1950 quim
786 1868 824 1929 il·

142 1945 347 2012 liberalitatem
368 1946 457 2013 Curii.

257 2063 422 2130 C1cuno
450 2068 614 2129 Amco
642 2066 727 2128 Snu.

144 2159 326 2263 7.Uuuu
344 2188 431 2247 etiam
450 2184 535 2247 restat
558 2187 652 2247 amico
671 2185 767 2247 nostro
790 2187 827 2246 ad

146 2285 236 2332 omne
253 2266 400 2343 dedecus,
416 2284 447 2327 ut
472 2265 607 2326 Domitio
637 2287 697 2326 non
721 2265 829 2326 subve-

146 2353 209 2412 niat
218 2370 225 2411 τ
235 2365 264 2408 at
283 2367 371 2408 nemo
387 2348 517 2419 dubitat,
537 2347 605 2425 quin
619 2345 743 2406 subsidio
755 2364 829 2405 ven·

147 2443 228 2492 tutus
245 2430 282 2487 sit
308 2448 389 2509 :ego
411 2448 469 2487 non
497 2444 578 2506 puto.
600 2426 724 2487 Deseret
743 2428 830 2509 igitur

146 2511 236 2572 talem
254 2509 370 2581 civem,
392 2508 423 2568 &
444 2527 495 2567 eos
508 2551 518 2580 ‚
532 2526 605 2585 quos
619 2508 676 2567 uni
686 2506 740 2567 scis
753 2505 829 2567 esse?

147 2609 240 2672 quum
262 2588 366 2649 habeat
387 2586 543 2668 praesertim
564 2586 673 2668 &ipse
695 2586 829 2649 cohortes

148 2687 220 2733 xxx
238 2669 250 2731 i
267 2670 379 2729 nisime
399 2667 496 2729 omnia
514 2664 633 2739 fallunt,
647 2667 766 2728 deseret.
777 2667 829 2727 ln-

149 2749 324 2813 credibilitet
348 2749 522 2829 pertimuit:
547 2745 617 2806 nihil
641 2746 747 2827 spedat
774 2748 830 2805 nisi

143 2829 250 2915 ¹iugatn
262 2849 272 2903 ;
285 2832 331 2889 cui
348 2846 380 2887 tu
396 2829 504 2906 (video
517 2829 596 2886 enim
634 2828 683 2888 uid
698 2824 829 2902 sentias)

144 2931 198 2973 nie
218 2911 356 2972 comitem
374 2926 456 2988 putas
474 2906 581 2968 debere
597 2848 652 2967 ede
666 2926 743 2987 :ego
758 2904 832 2964 vero

152 3011 241 3074 quent
250 2989 381 3071 fugiam,
400 2987 492 3050 habeo
510 3006 519 3061 ;
535 3007 622 3069 quem
637 2987 757 3067 sequar,
772 3002 833 3045 non
