2117 3984
263 431 311 525 96
451 427 751 496 Errsrora

260 546 311 625 qui
324 561 413 623 quum
426 543 456 602 in
469 542 560 603 domo
574 541 691 603 Caesaris
705 536 855 621 quondam
869 557 939 598 unus
975 589 984 630 Ι

261 628 306 686 vir
320 622 427 697 fuerit,
445 644 521 683 nunc
537 644 573 685 ne
589 625 618 682 in
635 622 737 703 viginti
752 620 870 702 quidem
886 617 939 680 elle
972 641 984 710 i

261 705 410 784 potuerit:
430 703 557 778 deinde,
575 704 628 763 alia
647 703 753 782 legatio
770 698 845 761 disla
860 715 951 772 erat,
972 731 984 812 p

262 785 319 844 alia
340 785 407 845 data
429 783 497 858 esl3
525 784 573 843 illa
594 787 694 864 opima
723 781 759 842 ad
786 779 941 862 erigendas
973 833 984 872 ι

263 867 421 945 pecunias,
440 862 561 937 Druso,
577 880 609 924 ut
623 866 747 944 opinor,
767 861 941 936 Pisaurensi,
974 911 980 950 1

263 968 302 1005 an
322 945 440 1026 epuloni
457 943 578 1005 Vatinio
594 944 769 1006 reservatur:
786 942 849 1002 haec
865 938 957 1022 jeju-J
975 995 978 1006 .

261 1046 324 1099 rra,
353 1047 385 1085 ac
409 1024 486 1086 bella
514 1025 652 1106 relegatio
680 1025 762 1085 datur
787 1025 842 1097 ei,
865 1017 984 1114 cujusl,

262 1107 421 1167 tribunatus
446 1105 484 1166 ad
509 1105 629 1166 istorum
654 1122 789 1184 tempora
804 1101 950 1165 reserva-³
976 1141 984 1178 ,-

263 1203 319 1246 tur.
335 1184 460 1248 Incende
473 1188 644 1260 hominem,
659 1187 762 1244 amabo
780 1202 831 1259 te,
848 1183 942 1266 quoad
976 1183 984 1276 ἐ

262 1266 385 1347 pot’est:
399 1289 455 1326 una
471 1273 534 1348 spes
552 1265 592 1328 est
608 1267 718 1339 salutis,
734 1264 854 1326 illorum
871 1266 942 1326 inter
977 1333 984 1344 ,

262 1346 330 1408 illos
351 1346 510 1420 dissensio,
531 1345 615 1426 cujus
630 1367 687 1428 ego
714 1345 847 1426 quaedam
865 1346 943 1406 initia
977 1383 984 1396 ·

264 1426 338 1488 sensi
356 1450 394 1490 ex
412 1426 553 1489 Curione.
577 1428 642 1488 Jam
662 1429 732 1487 verb
750 1425 852 1485 Arrius
869 1445 953 1504 cott-⁴
977 1481 984 1510 a

262 1508 384 1571 sulatum
414 1510 467 1569 sibi
491 1525 624 1589 ereptum
646 1507 752 1568 fremit.
776 1506 942 1589 Megaboc·
979 1567 984 1576 ,

262 1590 355 1663 chus,
375 1590 409 1651 &
428 1590 489 1649 haec
507 1589 682 1673 sanguinaria
700 1587 837 1667 juventus
851 1587 954 1662 inimi·¹

263 1673 375 1730 cissima
394 1668 444 1732 est.
462 1668 593 1730 Accedat
610 1669 704 1743 verb,
722 1667 840 1729 accedat
858 1669 942 1730 etiam

263 1749 313 1810 isla
333 1754 393 1810 rixa
417 1750 581 1832 Auguranis
601 1770 608 1806 :
630 1749 713 1831 spero
731 1768 779 1810 me
796 1750 943 1830 praeclarn

264 1831 302 1892 de
324 1829 379 1890 istis
397 1831 481 1891 rebus
500 1828 633 1910 epistolas
651 1830 688 1890 ad
709 1846 738 1891 te
754 1829 829 1911 saepe
849 1827 951 1890 millu·'

264 1931 338 1972 rum.
358 1909 443 1985 Sed,
469 1909 541 1970 illud
565 1910 635 1999 quid
656 1914 715 1982 sit,
738 1909 808 1972 scire
830 1913 941 2006 cupio,

263 1992 343 2074 quod
365 1988 433 2070 jacis
458 1990 604 2063 obscurd,
626 2012 684 2068 lant
710 1994 798 2052 etiam
820 2011 859 2052 ex
876 1993 942 2073 ipsu

264 2071 710 2214 qllqlellililullulllm
729 2069 952 2213 'rul”{l¹¹i‘ln³‘¹³

263 2174 520 2316 {utinsspbnran
550 2174 647 2314 Atllue
677 2175 768 2308 lael,
794 2236 836 2294 sic
855 2195 951 2295 veliul'
979 2281 982 2286 .

264 2316 431 2387 existimes,
447 2336 508 2374 non
526 2335 575 2374 me
591 2314 641 2373 abs
657 2332 686 2374 te
702 2316 767 2376 calb
785 2316 814 2376 cl
830 2317 954 2392 agab,

264 2406 307 2460 κὶι
328 2416 477 2490 quaerere3
496 2394 577 2476 qubd
587 2392 695 2537 pestiat
711 2396 822 2453 animus
839 2391 945 2474 aliquid

263 2498 348 2559 agere
367 2499 397 2535 ιη
411 2475 568 2556 republica.
605 2474 765 2555 ampridem
786 2473 952 2556 gubernare

264 2578 312 2617 me
335 2556 484 2627 taedebat,
508 2557 595 2617 etiam
613 2576 702 2636 quum
722 2557 847 2616 licebat:
869 2574 945 2614 nunc

263 2637 337 2697 verb
358 2657 447 2719 quum
467 2657 558 2719 cogar
577 2640 654 2698 exire
677 2636 712 2696 de
730 2637 798 2698 navi
815 2657 877 2697 non
894 2637 947 2698 ab·

264 2715 365 2796 jeuis,
384 2715 435 2777 sed
457 2720 582 2797 receptis
608 2717 832 2801 gubernaculis,
859 2719 947 2798 cupio

264 2796 381 2859 istorum
395 2795 541 2880 naufragia
557 2819 593 2859 ex
607 2816 683 2859 terra
696 2801 821 2871 intueri;
837 2801 950 2877 cupio,

265 2896 297 2940 ut
320 2880 359 2940 ait
383 2896 447 2939 tuus
469 2882 576 2939 amicus
601 2878 792 2960 Sophocles,
818 2878 871 2959 κᾷν
896 2879 948 2940 ivl

264 2958 328 3044 5le
343 2967 445 3029 Πνκηῒς
458 2958 543 3027 οἰκίων
554 2959 684 3040 dissid&
696 2957 790 3044 tridr'rgr
801 2965 880 3038 φςινί.
897 2955 948 3018 De

841 3058 928 3102 muto
935 3081 950 3112 ,
