2117 3984
315 488 374 548 At>
395 479 605 550 Africum
625 481 718 553 Lim·
731 483 761 555 1.
831 510 878 580 77

139 625 141 636 ι
212 593 299 670 etiam,
323 598 348 655 si
364 616 421 679 ego
447 596 482 656 ab
502 597 554 656 illa
576 599 707 674 deserar,
726 619 824 662 tamen
847 605 877 662 in

205 695 258 735 nea
279 674 394 757 pristina
417 677 560 738 sententia
584 685 770 759 permanebo.
798 682 875 743 lllud

202 770 288 816 tamen
308 758 401 817 velim
428 756 603 833 existimes,
631 781 678 821 me
698 762 770 821 hanc
792 767 872 823 viam

198 840 372 915 optimatium
389 836 452 917 posi
468 835 569 898 Catuli
586 859 713 901 mortem
726 862 779 902 nec
798 865 873 923 prae·

195 916 263 976 sidio
285 918 368 992 ullo,
393 938 449 978 uec
468 922 610 980 comitatu
629 938 752 983 tenere:
779 943 873 998 nam,

193 1013 223 1056 ut
241 1000 279 1058 ait
299 998 452 1073 Rhinton,
471 1015 503 1058 ut
520 1001 649 1079 opinor,

223 1114 319 1190 Olpalr
334 1111 403 1191 ιη’
417 1112 470 1176 illu
489 1110 568 1185 σι’τιν,
584 1111 618 1177 εἷς
633 1116 666 1188 ‘l’
683 1111 737 1175 a’llr
752 1114 838 1194 peilat-

188 1221 255 1285 Mihi
275 1227 355 1288 veri>
376 1241 410 1285 ut
429 1222 579 1285 invideant
597 1224 738 1303 piscinarii
758 1225 871 1301 nostri,

152 1357 155 1362 .
187 1324 229 1366 aut
244 1306 373 1368 scribam
393 1305 433 1365 ad
452 1319 482 1364 te
503 1304 596 1377 alias,
618 1323 667 1365 aut
683 1307 713 1364 in
730 1306 869 1387 congres-

139 1419 141 1424 ·
187 1383 238 1446 sum
261 1386 399 1449 nostrum
426 1383 589 1446 reservabo.
612 1386 641 1445 A
664 1383 752 1446 Curia
772 1406 872 1447 autem

188 1467 257 1530 nulla
277 1489 330 1529 me
348 1487 398 1528 res
416 1465 557 1526 divellet:
575 1466 625 1526 vel
646 1467 727 1546 quod
743 1470 781 1525 ita
802 1486 871 1525 rec-

186 1562 241 1608 tum
262 1549 333 1622 est;
365 1548 419 1609 vel
441 1546 522 1628 qubd
545 1545 631 1606 rebus
652 1550 725 1606 meis
747 1548 874 1606 maxime

190 1627 431 1699 cousentaneum3
446 1627 495 1687 vel
509 1626 612 1707 quod,
628 1649 645 1686 a
658 1627 755 1687 senatu
772 1629 872 1707 quanti

191 1703 281 1784 fiam,
313 1708 438 1769 minime
458 1728 506 1767 me
528 1709 660 1787 poenitet.
689 1707 738 1767 De
759 1706 870 1788 Sicyo-

186 1790 253 1865 niis,
277 1807 312 1850 ut
338 1789 379 1849 ad
400 1809 432 1850 te
457 1788 554 1866 scripsi
574 1804 686 1860 antea,
712 1807 773 1846 non
792 1787 868 1848 mul·

185 1884 240 1929 mm
259 1870 324 1951 spei
349 1868 393 1931 est
413 1872 444 1929 in
465 1868 591 1927 senatu:
615 1873 704 1928 nemo
725 1867 765 1928 est
788 1870 869 1927 enim

184 1943 261 2028 iarn,
281 1954 334 2032 qui
354 1967 511 2030 queratur:
534 1968 641 2029 quare,
657 1950 681 2006 si
698 1949 729 2008 id
747 1947 870 2028 exspec-

185 2046 248 2103 tas,
264 2031 393 2113 longum
412 2027 471 2091 est:
490 2027 546 2087 alia
563 2028 632 2102 vii,
650 2031 674 2086 si
690 2029 748 2107 quai
765 2047 869 2107 potes,

186 2129 301 2192 pugna:
316 2131 408 2192 quum
430 2108 471 2170 est
486 2106 603 2182 allum,
620 2128 716 2189 neque
738 2109 868 2168 animad-

190 2188 304 2250 versum
324 2189 364 2252 est
386 2191 424 2251 ad
444 2210 518 2271 quos
538 2192 695 2269 pertineret
712 2209 722 2260 ;
750 2188 782 2247 &
801 2210 869 2268 rap-

190 2269 239 2330 tim
259 2272 291 2329 iu
314 2290 376 2331 eam
397 2271 569 2332 sententiam
596 2268 707 2348 pedarii
733 2288 871 2328 cucurre-

186 2368 258 2411 runt.
283 2348 448 2413 Inducendi
469 2346 702 2411 senatusconsulti
722 2350 871 2409 maturitas

185 2432 314 2493 nondum
333 2432 400 2506 est3
421 2432 501 2514 quod
521 2450 617 2511 neque
641 2428 704 2489 sunt
724 2430 773 2509 qui
793 2449 869 2509 que-

186 2532 307 2586 rantur3
338 2515 373 2574 &
396 2514 481 2572 multi
504 2514 606 2589 partim
634 2510 867 2587 malevolentia,

186 2596 285 2672 partim
298 2596 443 2674 opinione
455 2594 596 2672 aequitatis
607 2588 790 2651 delectantur.
802 2590 868 2652 Me-

185 2673 264 2734 tellus
284 2692 352 2735 tuus
370 2673 412 2735 est
432 2695 448 2735 e
471 2673 564 2753 regius
583 2670 697 2734 consul:
715 2693 804 2733 unum
822 2694 867 2734 re·

185 2755 358 2833 prehendo,
378 2694 470 2836 quius
480 2756 574 2813 otium
594 2773 612 2813 e
631 2751 728 2814 Gallia
743 2755 867 2814 nuntiari
900 2775 903 2781 ·

185 2855 240 2896 non
257 2857 443 2918 magnopere
463 2833 591 2916 gaudet:
618 2835 697 2913 cupit
714 2879 724 2907 ,
751 2835 866 2905 credo,

184 2917 376 2998 triumphare:
397 2917 456 2976 hoc
479 2914 586 2975 vellem
604 2915 793 2974 mediocrius:
811 2932 866 2973 ce-

187 3012 241 3059 tera
256 3001 384 3083 egregia.
401 2996 474 3059 Auli
491 2996 562 3062 verb
580 2993 653 3057 silius
672 2997 711 3054 ita
727 2993 755 3052 se
775 2995 867 3073 gerit,

677 3072 709 3134 D
728 3072 759 3151 iij
