2117 3984
371 377 435 450 186
549 374 859 441 Enrsrorz

361 493 400 554 de
422 490 469 550 illa
492 487 688 548 ambulatione
712 483 771 547 fors
792 483 928 556 viderit,
957 503 979 544 ar

362 575 426 653 quis
447 567 488 630 est
509 572 560 651 qui
573 563 661 629 ¹curet
684 565 765 632 deus·
788 562 926 628 Nostram
945 585 979 626 an

358 654 522 724 lationem,
535 649 566 709 ἃ
584 649 780 718 Laconicum.
805 665 897 726 eaque
913 665 979 740 que

362 734 397 794 ci
418 731 506 804 sunt,
528 730 643 802 velim,
664 729 745 808 quod
768 729 900 806 poteris,
922 727 979 790 ruri

360 814 394 876 δι
421 831 524 894 urgeas
550 809 736 872 Philotimum
763 825 794 868 ut
821 823 965 888 properet

362 885 474 975 possirn
491 890 544 951 tibi
561 890 668 972 aliquid
687 892 718 949 in
738 906 777 948 eo
797 906 906 969 genere
926 885 979 968 res}

361 976 442 1035 dere.
454 972 611 1051 Pompeius
622 973 651 1029 in
666 967 831 1030 Cumanum
845 966 979 1028 Parilibur

361 1058 423 1116 nit:
439 1056 517 1114 misit
535 1052 572 1111 ad
588 1071 636 1112 nre
649 1047 762 1120 statim,
775 1052 825 1130 qui
837 1047 961 1110 salutern

361 1139 454 1196 tiaret.
471 1132 521 1192 Ad
539 1153 606 1194 eum
625 1129 761 1211 postridie
783 1129 870 1190 mane
889 1129 979 1192 vader

362 1237 452 1299 quum
470 1214 531 1273 haec
555 1212 664 1293 scripu.

462 1332 626 1395 Crcnno
652 1327 824 1390 Arrrco
850 1326 940 1390 Sne.

364 1419 531 1530 rosam
552 1449 645 1510 velim
668 1448 738 1512 scire
762 1467 832 1508 num
854 1445 976 1510 censum

361 1531 481 1613 pediant
494 1530 601 1591 tribuni
615 1530 716 1592 diebus
729 1528 863 1591 vitiandis
885 1527 899 1610 (
914 1527 958 1590 est
972 1553 978 1590 r

362 1613 410 1672 hic
422 1609 543 1690 rumor)
557 1628 676 1747 totppue
689 1611 725 1672 de
736 1607 853 1672 censura
866 1610 978 1695 quida}

365 1691 435 1771 quid
453 1693 593 1770 cogitent.
637 1712 670 1749 os
688 1691 733 1750 hic
752 1709 818 1750 curn
838 1688 978 1770 Pompeic

364 1789 449 1829 mus:
473 1770 562 1827 multa
584 1789 700 1828 mecum
724 1770 760 1830 de
783 1767 962 1850 republica,

365 1849 420 1908 sibi
432 1848 583 1928 displicens
596 1893 605 1921 ,
616 1867 648 1908 ut
661 1850 833 1929 loquebatur
843 1848 862 1990 ξ
871 1851 911 1908 sic
924 1849 966 1912 est

365 1931 396 1992 in
418 1928 474 1989 hoc
494 1928 613 1988 homine
633 1929 789 1992 dicendum
809 1927 822 2012 )
863 1931 961 2010 yriam

365 2034 460 2084 nens,
478 2009 647 2091 Hispaniam
662 2009 784 2089 jailans:
800 2011 846 2070 hic
865 2032 978 2094 quoquc

366 2095 539 2174 loquebatur
557 2113 566 2163 ;
586 2092 617 2151 ὃ(
637 2095 764 2172 opinor,
789 2089 977 2174 usquequaqu

367 2175 425 2236 hoc
437 2197 525 2256 quum
542 2173 691 2244 dicemus,
710 2176 746 2232 sir
763 2171 820 2232 hoc
833 2175 916 2252 quasi
930 2171 978 2234 sal

366 2255 509 2326 ,Φυκυλίόκ
523 2277 529 2313 :
545 2254 596 2313 tibi
612 2256 698 2316 eriam
710 2255 817 2394 1gratias
836 2251 960 2346 agebat,

367 2337 449 2475 pigna
460 2334 666 2473 cornppnenpa
678 2330 858 2474 srhceppssles:
873 2355 903 2392 rn
917 2353 973 2428 nos

379 2436 533 2476 uavrssrme
568 2435 694 2478 ercuce
734 2434 750 2474 e
805 2431 977 2474 us:vemtr

367 2496 472 2554 adme
495 2498 525 2553 in
551 2493 716 2556 Cumanum
740 2517 756 2555 a
781 2491 839 2554 se:
867 2493 977 2554 nihilr

367 2575 444 2634 velle
460 2576 529 2632 mihi
544 2574 620 2632 visus
634 2575 695 2648 est,
708 2577 793 2656 quim
809 2571 972 2635 Mellallanr

369 2652 489 2716 sulatum
509 2671 629 2732 petere:
649 2656 686 2715 de
704 2677 762 2734 quo
780 2653 843 2734 ipso
864 2654 973 2736 siquid

370 2733 462 2794 velim
475 2731 555 2791 scire.
579 2732 674 2812 Quod
689 2735 814 2795 lucceio
830 2734 926 2795 scribis
946 2751 977 2796 te

372 2834 445 2879 tram
464 2813 586 2895 gloriam
608 2817 899 2889 commendaturum,
918 2815 977 2875 &z

368 2899 445 2964 rium
463 2892 590 2958 nostrum
611 2896 691 2978 quod
717 2897 818 2959 crebri>
839 2897 965 2974 invisis²
