2117 3984
238 494 298 547 An
310 478 516 548 Arrrcvrr
533 479 619 548 Lis.
639 478 721 549 Vll.
752 501 819 572 319

149 595 173 654 in
192 593 304 655 causam
323 593 335 653 i
353 611 414 653 non
433 592 582 655 deterreor
598 592 749 673 periculo,
771 592 821 653 sed

149 675 289 754 dirumpor
307 673 422 734 dolore.
436 671 553 734 Tamne
572 674 652 733 nullo
678 674 820 748 consilio,

146 771 187 816 mt
200 773 261 815 tam
280 771 381 815 contra
394 772 492 814 meum
505 755 656 815 consilium
676 751 751 834 gesta
761 752 817 813 effe

146 838 235 896 omnia
250 835 259 894 i
277 833 326 893 An
338 832 473 907 cuncier,
489 834 521 892 &
535 831 720 915 tergiverser,
738 832 769 891 dt
784 837 818 892 iis

145 935 185 978 me
209 915 300 986 dem,
327 915 377 994 qui
404 928 534 987 tenent,
565 916 615 994 qui
641 915 787 992 potiuntur
807 914 819 973 i

142 994 269 1071 n‘at'maa
279 1002 386 1069 'resim
402 992 556 1053 necsolirm
570 995 658 1066 civis,
670 992 721 1052 sed
734 995 822 1053 etiam

143 1076 219 1134 miici
238 1070 339 1133 officio
359 1093 485 1134 revocor
506 1094 514 1132 ι
534 1075 588 1134 etsi
608 1072 726 1155 frangor
745 1072 820 1153 saepe

141 1151 332 1216 misericordi&
348 1173 514 1234 puerorum.
528 1152 573 1213 Ut
590 1154 674 1233 igitur
690 1156 730 1213 ita
752 1174 822 1234 per·

140 1235 272 1306 turbato,
294 1233 348 1293 etsi
367 1249 395 1293 te
419 1233 521 1295 eadem
538 1232 709 1307 sollicitant,
729 1232 819 1294 scribe

139 1315 170 1376 di
190 1313 264 1386 uid,
282 1312 315 1373 &
340 1315 464 1373 maxime
484 1358 493 1387 ‚
516 1314 541 1373 si
561 1312 716 1393 Pompeius
737 1311 819 1374 Itali&

137 1336 235 1466 cedit,
252 1394 324 1473 quid
337 1394 422 1453 nobis
432 1393 576 1476 agendum
592 1408 685 1472 putes.
695 1392 738 1451 Μ’
749 1397 818 1475 qui·

138 1473 200 1536 dem
215 1473 348 1554 Lepidus
365 1472 454 1556 (narn
471 1473 578 1533 suimus
594 1472 675 1553 uni)
701 1492 768 1533 eum
786 1472 821 1533 si·

134 1575 199 1618 nem
216 1553 337 1628 statuit,
354 1554 389 1614 L.
408 1552 574 1635 Torquatus
591 1554 740 1613 eumdem.
765 1553 819 1615 Me

250 1634 356 1708 multa,
379 1654 441 1694 tum
466 1638 554 1695 etiam
579 1633 692 1693 libiores
720 1637 818 1714 impe-

131 1655 234 1778 Εἲς
248 1715 321 1775 nihil
337 1715 396 1775 vidi
417 1735 556 1795 umquam
573 1714 654 1795 quod
667 1716 760 1773 minbs
771 1735 821 1774 ex·

128 1797 233 1876 plicari
256 1792 371 1875 posset:
387 1796 483 1875 itaque
499 1814 563 1868 are
578 1795 646 1854 nihil
663 1794 732 1853 dum
748 1798 820 1856 certi

89 1898 91 1904 ·
126 1879 279 1960 uquim,
292 1872 341 1935 sed
352 1875 421 1955 quid
430 1876 561 1935 videatur
573 1896 580 1933 ε
592 1875 716 1955 denique
727 1873 819 1955 ipsam

123 1960 242 2050 ‘angla
255 1969 336 2013 tuam
355 1957 440 2094 cupio
459 1955 644 2037 cognoscere.
659 1955 819 2015 Labienum

123 2035 162 2096 cb
178 2035 239 2096 rllo
268 2033 383 2095 discessi
404 2055 421 2095 e
445 2036 660 2115 propemodum
681 2033 789 2095 constat
810 2055 819 2096 t

120 2117 145 2176 si
160 2117 206 2178 ita
226 2113 340 2176 fastum
353 2114 421 2176 esset
434 2160 443 2189 ‚
454 2132 486 2174 ut
497 2117 544 2175 ille
561 2115 688 2175 Romam
698 2117 819 2177 veniens

117 2193 331 2280 mgiſtratum
353 2197 385 2256 &
409 2195 539 2257 senatum
558 2195 662 2254 Romae
681 2192 820 2256 offende-

115 2274 674 2421 ztmr’nausbaegldbirdssdelcearilssbodriderrb
691 2274 817 2418 dumibbtm

114 2438 301 2522 reipublicae
334 2438 417 2496 causi
439 2437 585 2496 videretur
604 2458 614 2510 3
641 2437 720 2517 quod
740 2460 816 2500 nunc

112 2537 247 2602 quoque
267 2515 386 2576 videtur
402 2537 411 2589 ;
429 2515 479 2577 sed
497 2519 591 2576 minirs
607 2517 742 2597 prodest:
756 2541 817 2584 non

110 2601 196 2660 enim
215 2596 335 2669 haber,
354 2598 400 2655 cui
423 2598 512 2677 prosit
527 2620 536 2669 3
553 2618 676 2679 eumque
696 2599 818 2664 arbitror

108 2682 275 2762 penitere
291 2697 300 2736 ε
316 2678 371 2737 nisi
391 2676 466 2737 forte
482 2678 512 2736 id
527 2678 618 2757 ipsum
641 2677 681 2739 est
693 2680 814 2758 falsum,

108 2755 286 2824 discessisse
306 2757 386 2816 iilum
409 2778 415 2815 :
438 2779 492 2816 nos
538 2760 634 2819 uidem
658 2781 712 2840 pro
733 2781 815 2821 certo

105 2843 320 2904 habebamus.
349 2836 385 2896 Er
406 2838 495 2897 velim
517 2780 728 2920 ‹dquamquam
750 2844 760 2911 ,“
783 2856 816 2896 ut

104 2921 208 2986 scribis
222 2968 236 2997 ,
260 2916 429 2979 domesticis
447 2935 475 2979 te
496 2916 601 2980 finibus
618 2937 699 2979 tenes
710 2923 725 2992 )
750 2916 816 2974 for-

103 3025 187 3068 mam
209 2999 299 3064 mihi
318 2998 396 3060 urbis
415 3019 568 3079 exponas,
589 2998 702 3134 9εὸρά
723 2995 814 3055 Pom·

672 3095 702 3135 ιν
