2117 3984
87 423 120 476 D
138 403 349 474 Arrrcvrr
366 405 452 475 Lis.
471 406 545 479 III.
579 429 641 498 141

88 519 257 581 scultacibus
277 521 406 602 ingenii,
424 524 562 600 consilii,
582 545 648 608 gra·

88 602 119 662 ‚is
152 599 270 659 raesidiis
279 599 424 662 bonorum
435 606 564 666 omnium
575 627 648 666 con-

137 700 191 742 um
205 679 335 740 obliuisci
358 685 408 763 qui
427 682 557 745 fuerim?
580 707 643 747 non

88 762 131 846 {ui
141 763 199 821 sim
216 759 299 841 iquo
312 781 423 823 caream
438 763 549 824 honore
564 763 574 822 ἓ
588 765 645 847 qui

94 840 201 924 quibus
220 840 345 902 liberis?
365 843 466 924 quibus
493 842 614 905 fortunis
633 847 646 906 i

88 920 153 984 ue?
176 940 265 1002 quem
281 940 338 1002 ego
360 922 417 1005 (ut
437 944 549 983 novum
569 925 648 984 cala·

88 1021 182 1086 genus
202 1000 358 1083 attendas)
402 1023 471 1062 uum
491 1005 579 1083 pluris
599 1004 648 1065 fa·

88 1082 164 1163 [uam
178 1100 228 1141 me
251 1079 362 1161 ipsum,
379 1024 546 1164 {qemperque
564 1083 648 1145 fecis·

88 1164 171 1222 ritavi
191 1181 228 1222 ne
258 1161 414 1235 viderem3
438 1184 476 1224 ne
500 1183 549 1224 aur
572 1166 646 1227 illius

88 1242 303 1324 ‘qualoremque
315 1240 506 1323 adspicerem,
517 1261 567 1305 aut
575 1266 622 1306 me
635 1291 647 1320 ,

88 1323 121 1383 le
141 1323 376 1383 florentissimum
389 1323 562 1403 reliquerat,
581 1345 649 1405 per·

88 1400 313 1483 riaffliaumque
332 1400 476 1463 offerrem.
492 1404 581 1463 Mitto
595 1426 649 1464 ce·

88 1483 237 1544 alerabilia
252 1501 262 1555 3
280 1486 390 1542 etenim
408 1484 478 1542 fletu
495 1484 650 1563 impediit.

88 1565 140 1624 iun
153 1562 271 1623 tandem
288 1561 348 1623 sum
366 1561 556 1635 accusandus,
570 1565 651 1644 qubd

89 1663 123 1704 m
180 1642 221 1703 bd
237 1646 392 1715 commisi,
408 1660 440 1702 ut
459 1644 520 1701 haec
530 1662 579 1704 aut
590 1665 650 1704 non

89 1743 122 1786 m
169 1723 250 1804 quod
266 1721 350 1782 facile
367 1722 481 1798 sufflet,
503 1725 556 1783 nisi
577 1726 650 1785 intra

100 1823 187 1864 meos
202 1803 239 1863 de
253 1823 318 1863 mea
326 1805 452 1883 pernicie
466 1806 586 1864 consilia
595 1807 651 1864 ini·

89 1901 154 1945 taut
173 1885 250 1944 certe
273 1886 358 1943 vivus
381 1905 440 1944 non
461 1885 649 1946 amitterem?

89 1975 102 2027 b
126 1964 226 2045 scripsi
249 1980 281 2023 ut
300 1966 395 2043 potiirs
418 1966 560 2025 relevares
583 1984 650 2038 me,

89 2047 168 2116 acis,
196 2044 284 2125 quam
307 2061 355 2104 aut
377 2043 581 2126 castigatione,
604 2063 653 2105 aut

89 2128 173 2188 atione
194 2126 312 2207 dignum
339 2140 453 2204 putares
469 2144 478 2196 ;
497 2124 592 2205 e6que
616 2126 654 2183 ad

89 2205 223 2268 itmulta
242 2204 354 2275 scrib0‚
377 2204 456 2282 qubd
477 2203 509 2261 &
529 2224 654 2264 moerore

89 2308 136 2359 st,
155 2286 277 2367 &quid
296 2284 350 2343 exs
366 2283 458 2343 estem
476 2281 555 2343 istinc
567 2285 657 2364 magis

103 2365 192 2449 quarn
217 2365 287 2447 quid
307 2306 365 2444 ipie
388 2364 505 2440 scribam
522 2384 530 2422 ε
547 2385 610 2444 quae
632 2363 657 2423 si

90 2448 177 2520 ssata,
192 2445 296 2505 faciam
314 2463 343 2505 te
362 2446 471 2505 consilii
485 2443 573 2504 nostri
589 2465 657 2504 cer·

102 2525 176 2601 Tu,
190 2545 221 2588 ut
243 2525 335 2585 adhuc
357 2523 462 2599 fecisti,
505 2524 572 2603 uim
592 2526 658 2606 plu.

90 2608 210 2670 erebus
238 2607 276 2666 ad
300 2626 346 2665 me
370 2607 461 2667 velim
479 2547 602 2678 iqcribas,
625 2622 658 2667 ut

90 2709 147 2832 Ti?
157 2688 405 2831 fflaiid'ignmem·
417 2686 487 2749 Dat.
508 2704 568 2749 xlv
590 2686 658 2748 Kal.

138 2789 155 2832 e
206 2787 312 2831 onrcae.
