<?xml version="1.0" encoding="UTF-8"?>
<!DOCTYPE html PUBLIC "-//W3C//DTD XHTML 1.0 Transitional//EN"
    "http://www.w3.org/TR/xhtml1/DTD/xhtml1-transitional.dtd">
<html xmlns="http://www.w3.org/1999/xhtml" xml:lang="en" lang="en">
 <head>
  <title>
</title>
<meta http-equiv="Content-Type" content="text/html;charset=utf-8" />
  <meta name='ocr-system' content='tesseract 3.04.00' />
  <meta name='ocr-capabilities' content='ocr_page ocr_carea ocr_par ocr_line ocrx_word'/>
</head>
<body>
  <div class='ocr_page' id='page_1' title='image "./mtulliiciceroni03lallgoog_0146.png"; bbox 0 0 2117 3984; ppageno 0'>
   <div class='ocr_carea' id='block_1_1' title="bbox 88 272 706 1982">
    <p class='ocr_par' dir='ltr' id='par_1_1' title="bbox 88 272 706 1982">
     <span class='ocr_line' id='line_1_1' title="bbox 91 272 700 385; baseline 0.005 -33"><span class='ocrx_word' id='word_1_1' title='bbox 91 272 147 365; x_wconf 72' lang='lat' dir='ltr'>us,</span> <span class='ocrx_word' id='word_1_2' title='bbox 168 272 253 385; x_wconf 80' lang='lat' dir='ltr'>qubd</span> <span class='ocrx_word' id='word_1_3' title='bbox 274 274 414 372; x_wconf 59' lang='lat' dir='ltr'>professes</span> <span class='ocrx_word' id='word_1_4' title='bbox 428 292 598 366; x_wconf 87' lang='lat' dir='ltr'>accidisset,</span> <span class='ocrx_word' id='word_1_5' title='bbox 622 315 660 355; x_wconf 91' lang='lat' dir='ltr'>ne</span> <span class='ocrx_word' id='word_1_6' title='bbox 684 317 700 355; x_wconf 93' lang='lat' dir='ltr'>a</span> 
     </span>
     <span class='ocr_line' id='line_1_2' title="bbox 91 369 700 456; baseline 0.007 -24"><span class='ocrx_word' id='word_1_7' title='bbox 91 372 191 456; x_wconf 78' lang='lat' dir='ltr'>igtedr</span> <span class='ocrx_word' id='word_1_8' title='bbox 212 391 277 432; x_wconf 86' lang='lat' dir='ltr'>nott</span> <span class='ocrx_word' id='word_1_9' title='bbox 297 369 391 453; x_wconf 82' lang='lat' dir='ltr'>posset</span> <span class='ocrx_word' id='word_1_10' title='bbox 414 373 604 435; x_wconf 84' lang='lat' dir='ltr'>:versabatur</span> <span class='ocrx_word' id='word_1_11' title='bbox 627 377 700 436; x_wconf 84' lang='lat' dir='ltr'>mihi</span> 
     </span>
     <span class='ocr_line' id='line_1_3' title="bbox 90 450 699 534; baseline 0.002 -20"><span class='ocrx_word' id='word_1_12' title='bbox 90 473 121 514; x_wconf 78' lang='lat' dir='ltr'>ua</span> <span class='ocrx_word' id='word_1_13' title='bbox 139 450 215 512; x_wconf 86' lang='lat' dir='ltr'>illud</span> <span class='ocrx_word' id='word_1_14' title='bbox 233 469 301 513; x_wconf 88' lang='lat' dir='ltr'>ante</span> <span class='ocrx_word' id='word_1_15' title='bbox 324 452 450 528; x_wconf 89' lang='lat' dir='ltr'>oculos,</span> <span class='ocrx_word' id='word_1_16' title='bbox 469 474 559 534; x_wconf 88' lang='lat' dir='ltr'>quum</span> <span class='ocrx_word' id='word_1_17' title='bbox 580 455 629 515; x_wconf 82' lang='lat' dir='ltr'>ille</span> <span class='ocrx_word' id='word_1_18' title='bbox 649 472 699 516; x_wconf 88' lang='lat' dir='ltr'>aut</span> 
     </span>
     <span class='ocr_line' id='line_1_4' title="bbox 90 532 698 605; baseline 0 -9"><span class='ocrx_word' id='word_1_19' title='bbox 90 553 120 596; x_wconf 84' lang='lat' dir='ltr'>es</span> <span class='ocrx_word' id='word_1_20' title='bbox 139 532 323 605; x_wconf 87' lang='lat' dir='ltr'>dimitteret,</span> <span class='ocrx_word' id='word_1_21' title='bbox 341 549 390 592; x_wconf 90' lang='lat' dir='ltr'>aut</span> <span class='ocrx_word' id='word_1_22' title='bbox 406 536 437 593; x_wconf 85' lang='lat' dir='ltr'>vi</span> <span class='ocrx_word' id='word_1_23' title='bbox 460 535 632 599; x_wconf 83' lang='lat' dir='ltr'>avelleretur</span> <span class='ocrx_word' id='word_1_24' title='bbox 661 555 698 596; x_wconf 85' lang='lat' dir='ltr'>ex</span> 
     </span>
     <span class='ocr_line' id='line_1_5' title="bbox 90 610 700 689; baseline 0 -14"><span class='ocrx_word' id='word_1_25' title='bbox 90 618 164 676; x_wconf 76' lang='lat' dir='ltr'>sexu</span> <span class='ocrx_word' id='word_1_26' title='bbox 187 633 286 673; x_wconf 87' lang='lat' dir='ltr'>meo:</span> <span class='ocrx_word' id='word_1_27' title='bbox 308 610 391 689; x_wconf 87' lang='lat' dir='ltr'>hujus</span> <span class='ocrx_word' id='word_1_28' title='bbox 417 614 578 675; x_wconf 82' lang='lat' dir='ltr'>acerbitatis</span> <span class='ocrx_word' id='word_1_29' title='bbox 603 635 700 675; x_wconf 86' lang='lat' dir='ltr'>even·</span> 
     </span>
     <span class='ocr_line' id='line_1_6' title="bbox 90 693 701 756; baseline 0.003 -2"><span class='ocrx_word' id='word_1_30' title='bbox 90 693 177 756; x_wconf 62' lang='lat' dir='ltr'>alteri</span> <span class='ocrx_word' id='word_1_31' title='bbox 196 693 354 754; x_wconf 82' lang='lat' dir='ltr'>acerbitate</span> <span class='ocrx_word' id='word_1_32' title='bbox 378 713 439 752; x_wconf 87' lang='lat' dir='ltr'>non</span> <span class='ocrx_word' id='word_1_33' title='bbox 462 695 584 755; x_wconf 87' lang='lat' dir='ltr'>videndi</span> <span class='ocrx_word' id='word_1_34' title='bbox 607 695 701 756; x_wconf 87' lang='lat' dir='ltr'>fratris</span> 
     </span>
     <span class='ocr_line' id='line_1_7' title="bbox 90 771 702 836; baseline -0.002 0"><span class='ocrx_word' id='word_1_35' title='bbox 90 777 107 836; x_wconf 81' lang='lat' dir='ltr'>i.</span> <span class='ocrx_word' id='word_1_36' title='bbox 132 771 170 833; x_wconf 86' lang='lat' dir='ltr'>In</span> <span class='ocrx_word' id='word_1_37' title='bbox 199 773 278 833; x_wconf 85' lang='lat' dir='ltr'>hunc</span> <span class='ocrx_word' id='word_1_38' title='bbox 301 793 348 834; x_wconf 89' lang='lat' dir='ltr'>me</span> <span class='ocrx_word' id='word_1_39' title='bbox 380 772 476 833; x_wconf 88' lang='lat' dir='ltr'>casum</span> <span class='ocrx_word' id='word_1_40' title='bbox 501 796 558 836; x_wconf 88' lang='lat' dir='ltr'>vos</span> <span class='ocrx_word' id='word_1_41' title='bbox 583 777 702 836; x_wconf 82' lang='lat' dir='ltr'>vivendi</span> 
     </span>
     <span class='ocr_line' id='line_1_8' title="bbox 90 851 701 935; baseline 0.003 -19"><span class='ocrx_word' id='word_1_42' title='bbox 90 873 138 916; x_wconf 74' lang='lat' dir='ltr'>res</span> <span class='ocrx_word' id='word_1_43' title='bbox 149 851 305 934; x_wconf 83' lang='lat' dir='ltr'>impulistis</span> <span class='ocrx_word' id='word_1_44' title='bbox 318 873 325 912; x_wconf 74' lang='grc' dir='ltr'><strong>ε</strong></span> <span class='ocrx_word' id='word_1_45' title='bbox 336 856 434 935; x_wconf 79' lang='lat' dir='ltr'>itaque</span> <span class='ocrx_word' id='word_1_46' title='bbox 449 857 509 915; x_wconf 86' lang='lat' dir='ltr'>mei</span> <span class='ocrx_word' id='word_1_47' title='bbox 526 858 639 935; x_wconf 86' lang='lat' dir='ltr'>peccati</span> <span class='ocrx_word' id='word_1_48' title='bbox 652 855 701 918; x_wconf 89' lang='lat' dir='ltr'>luo</span> 
     </span>
     <span class='ocr_line' id='line_1_9' title="bbox 89 933 698 1016; baseline 0 -20"><span class='ocrx_word' id='word_1_49' title='bbox 89 955 111 996; x_wconf 78' lang='lat' dir='ltr'>ts</span> <span class='ocrx_word' id='word_1_50' title='bbox 122 953 325 1016; x_wconf 83' lang='lat' dir='ltr'>:quamquam</span> <span class='ocrx_word' id='word_1_51' title='bbox 340 954 388 996; x_wconf 86' lang='lat' dir='ltr'>me</span> <span class='ocrx_word' id='word_1_52' title='bbox 403 953 459 994; x_wconf 83' lang='lat' dir='ltr'>tuae</span> <span class='ocrx_word' id='word_1_53' title='bbox 473 936 575 997; x_wconf 87' lang='lat' dir='ltr'>litterae</span> <span class='ocrx_word' id='word_1_54' title='bbox 588 933 698 996; x_wconf 84' lang='lat' dir='ltr'>susten-</span> 
     </span>
     <span class='ocr_line' id='line_1_10' title="bbox 89 1015 702 1097; baseline 0 -19"><span class='ocrx_word' id='word_1_55' title='bbox 89 1033 147 1078; x_wconf 63' lang='grc' dir='ltr'>,εἰ</span> <span class='ocrx_word' id='word_1_56' title='bbox 187 1015 293 1088; x_wconf 81' lang='lat' dir='ltr'>uibus,</span> <span class='ocrx_word' id='word_1_57' title='bbox 309 1032 447 1095; x_wconf 88' lang='lat' dir='ltr'>quantum</span> <span class='ocrx_word' id='word_1_58' title='bbox 460 1033 491 1076; x_wconf 88' lang='lat' dir='ltr'>tu</span> <span class='ocrx_word' id='word_1_59' title='bbox 508 1015 569 1096; x_wconf 86' lang='lat' dir='ltr'>ipse</span> <span class='ocrx_word' id='word_1_60' title='bbox 588 1015 702 1097; x_wconf 85' lang='lat' dir='ltr'>speres,</span> 
     </span>
     <span class='ocr_line' id='line_1_11' title="bbox 89 1095 701 1178; baseline 0.002 -22"><span class='ocrx_word' id='word_1_61' title='bbox 89 1115 151 1178; x_wconf 76' lang='lat' dir='ltr'>epe</span> <span class='ocrx_word' id='word_1_62' title='bbox 201 1096 260 1155; x_wconf 88' lang='lat' dir='ltr'>icio</span> <span class='ocrx_word' id='word_1_63' title='bbox 281 1113 371 1175; x_wconf 85' lang='lat' dir='ltr'>:quat</span> <span class='ocrx_word' id='word_1_64' title='bbox 393 1095 511 1175; x_wconf 87' lang='lat' dir='ltr'>quidem</span> <span class='ocrx_word' id='word_1_65' title='bbox 531 1112 629 1157; x_wconf 87' lang='lat' dir='ltr'>tamen</span> <span class='ocrx_word' id='word_1_66' title='bbox 646 1099 701 1157; x_wconf 90' lang='lat' dir='ltr'>ali-</span> 
     </span>
     <span class='ocr_line' id='line_1_12' title="bbox 96 1117 702 1257; baseline 0.003 -21"><span class='ocrx_word' id='word_1_67' title='bbox 96 1117 247 1236; x_wconf 56' lang='lat' dir='ltr'>babebant</span> <span class='ocrx_word' id='word_1_68' title='bbox 263 1174 357 1238; x_wconf 85' lang='lat' dir='ltr'>solatii</span> <span class='ocrx_word' id='word_1_69' title='bbox 378 1176 466 1249; x_wconf 72' lang='lat' dir='ltr'>ante,</span> <span class='ocrx_word' id='word_1_70' title='bbox 484 1177 571 1257; x_wconf 73' lang='lat' dir='ltr'>qubm</span> <span class='ocrx_word' id='word_1_71' title='bbox 588 1179 625 1239; x_wconf 86' lang='lat' dir='ltr'>eb</span> <span class='ocrx_word' id='word_1_72' title='bbox 647 1199 702 1238; x_wconf 89' lang='lat' dir='ltr'>ve·</span> 
     </span>
     <span class='ocr_line' id='line_1_13' title="bbox 89 1257 702 1336; baseline 0 -18"><span class='ocrx_word' id='word_1_73' title='bbox 89 1261 145 1330; x_wconf 80' lang='lat' dir='ltr'>,A</span> <span class='ocrx_word' id='word_1_74' title='bbox 162 1257 298 1336; x_wconf 78' lang='lat' dir='ltr'>Pompeio</span> <span class='ocrx_word' id='word_1_75' title='bbox 311 1277 386 1317; x_wconf 83' lang='lat' dir='ltr'>nunc</span> <span class='ocrx_word' id='word_1_76' title='bbox 403 1259 581 1318; x_wconf 80' lang='lat' dir='ltr'>Hortensium</span> <span class='ocrx_word' id='word_1_77' title='bbox 600 1259 702 1334; x_wconf 81' lang='lat' dir='ltr'>allice,</span> 
     </span>
     <span class='ocr_line' id='line_1_14' title="bbox 88 1333 698 1418; baseline 0.005 -24"><span class='ocrx_word' id='word_1_78' title='bbox 88 1333 194 1415; x_wconf 61' lang='lat' dir='ltr'>ias-odi</span> <span class='ocrx_word' id='word_1_79' title='bbox 207 1339 294 1398; x_wconf 77' lang='lat' dir='ltr'>viros.</span> <span class='ocrx_word' id='word_1_80' title='bbox 311 1334 466 1410; x_wconf 84' lang='lat' dir='ltr'>Obsecro,</span> <span class='ocrx_word' id='word_1_81' title='bbox 483 1341 523 1395; x_wconf 85' lang='lat' dir='ltr'>mi</span> <span class='ocrx_word' id='word_1_82' title='bbox 535 1338 698 1418; x_wconf 82' lang='lat' dir='ltr'><strong>Pomponi,</strong></span> 
     </span>
     <span class='ocr_line' id='line_1_15' title="bbox 88 1415 704 1498; baseline 0.003 -22"><span class='ocrx_word' id='word_1_83' title='bbox 88 1415 148 1476; x_wconf 76' lang='lat' dir='ltr'>tum</span> <span class='ocrx_word' id='word_1_84' title='bbox 165 1416 323 1497; x_wconf 81' lang='lat' dir='ltr'>perspicis,</span> <span class='ocrx_word' id='word_1_85' title='bbox 345 1437 469 1498; x_wconf 88' lang='lat' dir='ltr'>quorum</span> <span class='ocrx_word' id='word_1_86' title='bbox 490 1420 603 1497; x_wconf 66' lang='lat' dir='ltr'>opera,</span> <span class='ocrx_word' id='word_1_87' title='bbox 625 1440 704 1496; x_wconf 86' lang='lat' dir='ltr'>quo-</span> 
     </span>
     <span class='ocr_line' id='line_1_16' title="bbox 98 1495 703 1576; baseline 0.003 -20"><span class='ocrx_word' id='word_1_88' title='bbox 98 1497 229 1571; x_wconf 78' lang='lat' dir='ltr'>insidiis,</span> <span class='ocrx_word' id='word_1_89' title='bbox 248 1516 372 1576; x_wconf 87' lang='lat' dir='ltr'>quorum</span> <span class='ocrx_word' id='word_1_90' title='bbox 389 1495 495 1558; x_wconf 87' lang='lat' dir='ltr'>scelere</span> <span class='ocrx_word' id='word_1_91' title='bbox 512 1498 703 1576; x_wconf 81' lang='lat' dir='ltr'>perierimus?</span> 
     </span>
     <span class='ocr_line' id='line_1_17' title="bbox 88 1577 705 1660; baseline -0.005 -22"><span class='ocrx_word' id='word_1_92' title='bbox 88 1593 182 1638; x_wconf 82' lang='lat' dir='ltr'>tecum</span> <span class='ocrx_word' id='word_1_93' title='bbox 210 1577 274 1636; x_wconf 83' lang='lat' dir='ltr'>haec</span> <span class='ocrx_word' id='word_1_94' title='bbox 296 1577 396 1637; x_wconf 63' lang='lat' dir='ltr'>corbm</span> <span class='ocrx_word' id='word_1_95' title='bbox 421 1597 569 1660; x_wconf 82' lang='lat' dir='ltr'>agemus:</span> <span class='ocrx_word' id='word_1_96' title='bbox 592 1581 705 1637; x_wconf 81' lang='lat' dir='ltr'>tantbrrt</span> 
     </span>
     <span class='ocr_line' id='line_1_18' title="bbox 92 1657 706 1738; baseline -0.002 -19"><span class='ocrx_word' id='word_1_97' title='bbox 92 1701 103 1732; x_wconf 90' lang='lat'><strong>,</strong></span> <span class='ocrx_word' id='word_1_98' title='bbox 162 1657 205 1719; x_wconf 91' lang='lat' dir='ltr'>od</span> <span class='ocrx_word' id='word_1_99' title='bbox 222 1657 294 1718; x_wconf 90' lang='lat' dir='ltr'>scire</span> <span class='ocrx_word' id='word_1_100' title='bbox 317 1673 348 1718; x_wconf 82' lang='lat' dir='ltr'>te</span> <span class='ocrx_word' id='word_1_101' title='bbox 367 1676 463 1738; x_wconf 87' lang='lat' dir='ltr'>puto,</span> <span class='ocrx_word' id='word_1_102' title='bbox 483 1679 537 1717; x_wconf 88' lang='lat' dir='ltr'>tros</span> <span class='ocrx_word' id='word_1_103' title='bbox 562 1677 622 1717; x_wconf 87' lang='lat' dir='ltr'>non</span> <span class='ocrx_word' id='word_1_104' title='bbox 647 1661 706 1719; x_wconf 90' lang='lat' dir='ltr'>ini-</span> 
     </span>
     <span class='ocr_line' id='line_1_19' title="bbox 94 1678 705 1818; baseline 0.002 -18"><span class='ocrx_word' id='word_1_105' title='bbox 94 1783 105 1814; x_wconf 90' lang='lat'><strong>,</strong></span> <span class='ocrx_word' id='word_1_106' title='bbox 121 1678 176 1800; x_wconf 43' lang='lat' dir='ltr'>aeld</span> <span class='ocrx_word' id='word_1_107' title='bbox 189 1739 282 1799; x_wconf 81' lang='lat' dir='ltr'><strong>invidi</strong></span> <span class='ocrx_word' id='word_1_108' title='bbox 294 1739 490 1818; x_wconf 86' lang='lat' dir='ltr'>perdiderunt.</span> <span class='ocrx_word' id='word_1_109' title='bbox 509 1738 611 1813; x_wconf 87' lang='lat' dir='ltr'>Nunc,</span> <span class='ocrx_word' id='word_1_110' title='bbox 625 1741 647 1798; x_wconf 88' lang='lat' dir='ltr'>si</span> <span class='ocrx_word' id='word_1_111' title='bbox 666 1741 705 1801; x_wconf 88' lang='lat' dir='ltr'>ita</span> 
     </span>
     <span class='ocr_line' id='line_1_20' title="bbox 89 1818 704 1902; baseline 0.007 -24"><span class='ocrx_word' id='word_1_112' title='bbox 89 1841 185 1902; x_wconf 78' lang='lat' dir='ltr'>,quae</span> <span class='ocrx_word' id='word_1_113' title='bbox 206 1818 303 1899; x_wconf 84' lang='lat' dir='ltr'>speras</span> <span class='ocrx_word' id='word_1_114' title='bbox 325 1864 334 1892; x_wconf 93' lang='lat'>‚</span> <span class='ocrx_word' id='word_1_115' title='bbox 359 1818 554 1880; x_wconf 84' lang='lat' dir='ltr'>sustinebimus</span> <span class='ocrx_word' id='word_1_116' title='bbox 575 1840 651 1894; x_wconf 86' lang='lat' dir='ltr'>tros,</span> <span class='ocrx_word' id='word_1_117' title='bbox 671 1821 704 1882; x_wconf 91' lang='lat'>&amp;</span> 
     </span>
     <span class='ocr_line' id='line_1_21' title="bbox 96 1897 704 1982; baseline 0.002 -21"><span class='ocrx_word' id='word_1_118' title='bbox 96 1899 155 1982; x_wconf 65' lang='lat' dir='ltr'>qui</span> <span class='ocrx_word' id='word_1_119' title='bbox 170 1897 273 1978; x_wconf 83' lang='lat' dir='ltr'>jubes,</span> <span class='ocrx_word' id='word_1_120' title='bbox 286 1901 411 1959; x_wconf 81' lang='lat' dir='ltr'>nitemur</span> <span class='ocrx_word' id='word_1_121' title='bbox 425 1920 432 1958; x_wconf 75' lang='grc' dir='ltr'><em>τ</em></span> <span class='ocrx_word' id='word_1_122' title='bbox 444 1902 505 1974; x_wconf 88' lang='lat' dir='ltr'>sin,</span> <span class='ocrx_word' id='word_1_123' title='bbox 524 1918 555 1960; x_wconf 92' lang='lat' dir='ltr'>ut</span> <span class='ocrx_word' id='word_1_124' title='bbox 572 1902 640 1961; x_wconf 88' lang='lat' dir='ltr'>mihi</span> <span class='ocrx_word' id='word_1_125' title='bbox 659 1906 704 1962; x_wconf 89' lang='lat' dir='ltr'>vi-</span> 
     </span>
    </p>
   </div>
   <div class='ocr_carea' id='block_1_2' title="bbox 87 1978 703 2028">
    <p class='ocr_par' dir='ltr' id='par_1_2' title="bbox 87 1978 703 2028">
     <span class='ocr_line' id='line_1_22' title="bbox 87 1978 703 2028; baseline 0.008 -5"><span class='ocrx_word' id='word_1_126' title='bbox 87 2003 120 2023; x_wconf 81' lang='lat' dir='ltr'>m·</span> <span class='ocrx_word' id='word_1_127' title='bbox 156 1978 272 2024; x_wconf 62' lang='lat' dir='ltr'>{nfirma</span> <span class='ocrx_word' id='word_1_128' title='bbox 294 1978 357 2025; x_wconf 80' lang='lat' dir='ltr'>srrrrt</span> <span class='ocrx_word' id='word_1_129' title='bbox 377 2000 383 2014; x_wconf 90' lang='lat'><strong>·</strong></span> <span class='ocrx_word' id='word_1_130' title='bbox 404 1981 481 2026; x_wconf 72' lang='lat' dir='ltr'>rr&#39;rrnes</span> <span class='ocrx_word' id='word_1_131' title='bbox 497 1985 609 2027; x_wconf 65' lang='lat' dir='ltr'>nntimn</span> <span class='ocrx_word' id='word_1_132' title='bbox 626 2000 703 2028; x_wconf 76' lang='lat' dir='ltr'>tm.</span> 
     </span>
    </p>
   </div>
   <div class='ocr_carea' id='block_1_3' title="bbox 0 0 1064 3984">
    <p class='ocr_par' dir='ltr' id='par_1_3' title="bbox 0 0 1064 3984">
     <span class='ocr_line' id='line_1_23' title="bbox 0 0 1064 3984; baseline 0 1"><span class='ocrx_word' id='word_1_133' title='bbox 0 0 1064 3984; x_wconf 95' lang='lat' dir='ltr'> </span> 
     </span>
    </p>
   </div>
  </div>
 </body>
</html>
