2117 3984
183 494 242 562 pm
392 474 679 537 Νοηκοιλ

192 618 196 623 .
215 577 279 632 ibid.
296 588 340 641 30.
361 573 489 628 Gravioris
508 575 638 627 momenti.

215 665 267 703 212
283 680 291 707 ‚
312 663 354 712 17.
363 648 493 699 Mardara.
503 649 546 699 De
555 644 699 699 collocanda
710 643 774 702 filie.
787 648 831 700 Ae
841 668 876 703 me

178 722 221 776 ille
241 722 288 772 dc.
311 720 417 772 Concisa
440 722 474 773 eu
495 721 585 773 oratio.
602 722 642 772 Ac
657 738 693 771 me
713 721 782 781 ille,
799 740 876 790 quem

176 794 237 847 nodi
249 829 257 855 ‚
276 794 349 845 vaide
360 807 433 862 rogat
445 827 454 853 ‚
473 807 501 845 ut
515 794 560 845 sibi
571 794 659 861 nuptui
674 794 729 844 dem
740 794 873 857 Tulliam,

177 868 204 922 &
224 867 323 918 sanein
342 867 405 916 illam
431 866 596 918 conditionem
620 868 796 925 descendam,
823 886 875 920 non

176 937 248 1007 qudd
260 940 325 991 illem
346 941 472 1006 probem,
494 940 535 990 sed
555 939 611 1006 quia
632 941 738 991 aliorum
761 941 873 1008 inopia,

177 1029 211 1065 eo
236 1029 328 1082 genero
353 1024 483 1062 contentus
507 1011 556 1061 effe
581 1028 670 1081 cogor.
696 1014 734 1063 lta
758 1015 872 1065 locume

179 1084 287 1155 vestigiis
311 1086 415 1136 duorum
433 1083 484 1137 ruff.
502 1082 601 1153 refingit
626 1086 653 1140 δι
679 1088 799 1155 explanat
822 1088 870 1139 Bo·

179 1157 237 1210 fine.

214 1229 276 1282 ibid.
296 1241 341 1295 23.
358 1227 467 1281 Difficile
483 1229 627 1297 dijudicate.

217 1315 293 1366 213,
312 1319 340 1363 4.
364 1302 472 1353 Arrribui
495 1302 623 1371 oportebit.
651 1302 754 1371 Nempe
775 1304 867 1374 iuppie·

171 1386 288 1428 mentum
304 1387 347 1427 aut
366 1376 493 1442 pecuniam
509 1376 601 1427 iurem
615 1376 758 1429 militarem.

218 1448 283 1500 ibid.
301 1462 329 1514 9.
346 1447 522 1501 mensionem.

220 1520 284 1572 lbid.
307 1535 349 1573 12.
368 1522 409 1573 Ne
425 1522 481 1588 quid
496 1523 529 1572 ad
541 1517 659 1589 senarum.
672 1523 714 1573 Fr.
728 1521 870 1575 Gronovius

178 1594 281 1661 reponit
292 1626 300 1653 ,
316 1594 449 1662 requirad
457 1593 564 1662 finarum
574 1628 584 1652 ‚
595 1596 644 1645 hoe
654 1595 726 1647 sensu
737 1632 746 1657 ‚
761 1614 794 1648 ne
803 1598 868 1664 quis,

181 1684 257 1735 quum
273 1667 304 1717 de
321 1684 360 1718 me
376 1681 462 1736 agetur
478 1669 503 1718 in
521 1668 606 1719 senatu
625 1702 633 1727 ,
653 1686 749 1721 moram
768 1669 870 1727 afferat.

183 1740 349 1807 postulando,
372 1753 401 1790 ut
422 1740 548 1791 sententiae
569 1741 656 1792 ordine
675 1742 811 1804 dicamur,
830 1752 870 1795 aut

183 1824 343 1865 numerentur
362 1810 481 1878 :conside
497 1825 538 1864 aur
556 1831 664 1865 nurum.

220 1884 284 1934 ibid.
312 1899 353 1944 14.
382 1885 456 1953 Quid
470 1902 521 1934 cum
541 1884 639 1952 Scrofa.
659 1888 756 1953 Nempe
774 1888 870 1939 locutus

182 1968 212 2005 ee
228 1955 259 2004 de
276 1970 327 2013 eo,
346 1956 412 2021 quod
428 1954 570 2022 Chaerippus
585 1959 617 2008 de
636 1977 677 2010 me
692 1960 758 2009 dixit.

173 2029 175 2034 ’
220 2027 282 2080 ibid.
305 2042 346 2093 31.
365 2026 426 2079 Mea
443 2028 522 2097 caprio
541 2029 583 2092 est.
603 2030 668 2082 Mihi
684 2030 761 2082 fraudi
777 2064 784 2090 ,
802 2028 864 2079 darn·

181 2116 217 2151 no
235 2102 277 2152 est.
296 2103 334 2152 lta
352 2103 412 2170 regii
432 2103 530 2152 codices
549 2119 602 2153 cum
621 2104 740 2155 Lambino
757 2105 782 2156 &
803 2101 867 2153 Gru-

181 2184 249 2228 tero.
269 2176 393 2229 Vidiorius
410 2176 436 2227 &
454 2176 578 2230 Manutius
598 2178 723 2238 edidere,
742 2195 793 2227 mea
813 2194 868 2227 ean·

181 2246 218 2296 rio
238 2248 280 2312 est.

222 2336 275 2385 214
291 2355 300 2384 ‚
319 2339 345 2374 2.
367 2324 404 2374 Tu
424 2322 481 2375 reri>
503 2322 571 2390 aufer
592 2324 715 2376 ducentos.
740 2323 800 2374 scir.
820 2324 868 2373 scr·

180 2408 229 2457 pos
246 2396 356 2454 charta,
377 2414 438 2465 quos
455 2397 512 2447 mihi
530 2414 692 2463 paraveram,
709 2400 762 2446 dum
780 2398 831 2446 181
846 2396 868 2445 d·

180 2483 287 2519 rumores
303 2470 362 2519 ulis
379 2504 387 2530 ,
405 2470 489 2520 adme
507 2468 668 2534 perscribere.
678 2471 717 2522 Ita
732 2472 815 2521 iocum
834 2470 868 2519 le·

183 2544 219 2609 gir
238 2543 379 2608 &exponit
396 2544 436 2593 Fr.
456 2542 608 2593 Gronovius.
650 2542 653 2545 ’

221 2614 283 2665 lbid.
306 2629 348 2675 ις.
368 2614 406 2664 Eo
426 2630 501 2664 aurem
528 2615 565 2664 die
588 2616 658 2665 credo
678 2614 726 2665 Cre.
747 2616 781 2665 ira
804 2609 863 2678 regii

183 2686 306 2741 codices,
330 2688 356 2737 &
376 2687 437 2737 editi
452 2689 574 2755 plerique.
591 2687 700 2753 Quidam
717 2721 724 2748 ‚
744 2704 770 2738 eo
792 2701 867 2736 auten

183 2760 223 2811 effe
241 2757 304 2809 credi
324 2758 370 2806 ec.

214 2833 284 2883 ibid.
300 2846 344 2883 22.
363 2831 502 2884 Sermones.

221 2905 293 2963 216,
310 2921 335 2965 4.
356 2903 469 2977 Quotidie
488 2904 548 2956 erim
563 2906 636 2975 magis
647 2904 776 2976 magisque.
790 2904 870 2958 Omit-

183 2990 239 3029 runt
256 2980 347 3046 vulgati
365 2995 452 3031 vocem
463 2982 589 3038 ultimam,
608 2996 680 3048 quam
700 2981 799 3035 servant
812 2977 870 3049 regii

185 3052 284 3105 codices
299 3065 413 3119 uterque.
