2117 3984
273 475 352 548 'Ab
371 475 579 546 Arrrcrrn
597 476 684 546 ιω.
700 476 762 547 VI.
800 497 867 574 273

183 592 328 734 pupi-ipso
347 591 429 732 nihili
440 592 546 732 cupid}
568 612 698 736 agprpu}1
699 637 711 734 ἰ
731 595 803 736 sisnpa
816 611 871 736 cup

206 694 311 836 ifficeillb
326 691 693 892 cillnlrarlererrellitaprnclvlrlcia
705 696 783 815 :aleb
806 696 870 818 hbe

181 829 271 904 Deus
294 833 396 914 aliquis
415 834 524 915 gubern
563 836 594 894 it.
614 831 663 893 De
685 834 798 895 urbanis
823 856 870 897 re-

182 915 239 986 bus
260 913 371 974 scilicet
404 913 465 974 lura
485 912 579 974 tuscis
599 932 608 985 ;
627 912 746 995 saepius,
760 915 792 992 bt
807 935 871 976 cer-

184 997 262 1056 tiora
277 993 369 1056 audis.
413 994 532 1075 quidem
551 993 657 1069 doleo,
672 1017 733 1056 nott
751 999 871 1058 metuis

184 1074 288 1148 litteris
305 1076 461 1136 certiorem
479 1072 566 1134 fieri:
588 1076 643 1134 huc
666 1079 746 1137 enim
771 1075 872 1138 odiosa

150 1195 158 1212 .
184 1153 382 1226 ¹afferebantur
404 1153 441 1215 de
460 1151 607 1228 Curione,
625 1154 662 1216 de
678 1156 766 1217 Paulo
783 1177 791 1216 τ
808 1177 870 1217 non

186 1235 246 1332 qub
262 1233 356 1296 ullum
370 1235 527 1316 periculum
542 1235 659 1296 videam
676 1235 765 1298 stante
781 1235 872 1296 Pom·

183 1381 187 1386 ,
236 1337 277 1390 ο,
294 1315 346 1376 vel
367 1318 455 1376 etiarn
475 1314 592 1376 sedente
612 1336 622 1388 ;
641 1316 736 1379 valeat
759 1318 870 1378 modb:

199 1395 236 1458 ed
250 1395 419 1457 mehercule
437 1392 573 1456 Curionis
593 1395 714 1458 &Pauli
737 1417 872 1458 meorum

189 1475 372 1554 familiarium
391 1479 487 1540 vicem
511 1475 610 1536 doleo.
629 1474 765 1537 Formam
788 1479 873 1559 igitur

190 1557 258 1618 nili
273 1557 367 1618 totius
381 1556 569 1636 reipublicae,
587 1558 611 1615 si
629 1553 688 1634 jam
701 1577 733 1618 es
752 1555 872 1634 Rome,

189 1656 237 1700 aut
252 1657 346 1718 quum
366 1638 439 1710 eris,
457 1636 548 1699 velim
571 1638 666 1697 mittas
686 1658 696 1709 ;
714 1658 778 1720 que
802 1639 874 1700 milri

185 1713 308 1780 'obviam
327 1719 446 1791 veniat,
463 1737 501 1777 ex
523 1738 582 1799 qua
599 1736 648 1778 me
670 1714 777 1801 fingere
800 1739 874 1800 pos·

189 1799 264 1872 sim,
283 1797 317 1858 &
342 1797 534 1878 premeditari
553 1842 563 1871 ‚
590 1817 648 1878 quo
667 1800 763 1859 animo
785 1819 875 1861 acce-

185 1875 257 1954 'tlam
272 1877 313 1938 ad
332 1877 434 1938 urbem
453 1898 461 1937 :
484 1875 524 1937 est
540 1879 618 1938 enim
635 1879 795 1960 quiddam,
818 1880 872 1941 ad-

189 1961 358 2026 venientem
392 1967 454 2018 non
486 1955 543 2018 elle
572 1961 757 2040 peregrinum
787 1978 874 2039 atque

189 2037 344 2122 ¹ltrrspitem.
363 2036 420 2113 Et,
439 2039 519 2120 quod
557 2059 611 2099 ene
634 2042 776 2119 praeterii:
792 2038 875 2100 Bruti

193 2123 233 2190 tui
247 2119 355 2194 causi,
373 2139 405 2180 ut
423 2117 497 2198 saepe
511 2060 555 2178 arl
566 2135 596 2178 te
613 2117 728 2198 scripsi,
740 2117 797 2179 feci
809 2138 876 2178 om·

191 2201 264 2270 ,nias
283 2197 393 2281 Cyprii
423 2199 612 2259 numerabant
640 2219 647 2256 :
671 2197 720 2258 sed
743 2197 876 2278 Scaptius

189 2282 374 2355 centesimis,
401 2297 543 2341 renovato
571 2280 601 2338 in
631 2277 759 2360 singulos
784 2298 877 2340 annos

192 2359 307 2422 foenore
318 2405 329 2436 ,
340 2377 494 2421 contentus
505 2380 566 2421 non
584 2357 648 2419 fuit.
662 2358 875 2422 Ariobarzanes

193 2461 257 2502 non
281 2443 311 2500 in
331 2439 505 2522 Pompeium
528 2439 667 2520 prolixior
687 2460 739 2520 per
760 2438 874 2521 ipsum,

192 2521 281 2604 qulm
302 2541 355 2604 per
376 2541 424 2581 me
451 2522 480 2580 in
502 2519 644 2595 Brutum,
667 2541 754 2602 quem
777 2538 875 2584 tamen

192 2620 250 2686 ego
269 2599 401 2684 praellare
413 2621 473 2660 non
488 2619 621 2682 poteram
638 2622 645 2659 :
661 2618 722 2662 erat
736 2604 812 2663 enirn
824 2624 876 2666 rex

193 2703 303 2766 perpau
324 2702 356 2744 er
371 2701 380 2755 ;
398 2681 571 2761 aberamque
590 2681 627 2740 ab
647 2700 684 2742 eo
704 2683 743 2743 ita
764 2683 874 2768 longe,

193 2781 225 2824 ut
242 2704 323 2824 nihil
333 2760 443 2844 possem
467 2764 521 2823 nisi
546 2761 672 2836 litteris3
692 2765 794 2843 quibus
816 2785 876 2844 pu·

194 2863 281 2926 gnare
304 2864 365 2903 non
384 2840 484 2903 destiti.
511 2840 628 2902 Summa
645 2842 706 2902 haec
725 2842 765 2904 est
788 2862 795 2900 r
820 2863 874 2921 pro

194 2926 306 2985 ratione
325 2925 454 3006 pecuniae
467 2923 610 2984 liberalius
629 2921 670 2983 est
684 2922 786 2984 Brutus
798 2935 877 2980 trac·

194 3019 287 3084 tatus,
304 3003 394 3088 quim
410 3003 566 3087 Pompeius
581 3002 808 3143 :Rrutpdcuratp
818 2999 875 3062 hoc

734 3102 755 3145 v
