2117 3984
203 428 244 478 12
329 411 535 478 CoRle
560 406 752 475 Nrrorrr

198 543 295 603 neque
315 524 445 582 callidam
465 522 554 582 fuilie.
568 522 650 584 Idex
668 523 732 605 ipfis
749 522 883 588 retusae

195 604 378 683 temporibus
394 601 511 680 judicari
527 602 642 682 potest,
678 606 737 664 uud
750 627 809 665 non
824 608 881 667 flo-

193 686 323 744 rentibus
340 684 368 744 se
384 684 566 758 venditavit,
582 684 631 744 led
644 627 751 745 ailtuis
765 687 880 767 semper

194 764 351 826 succurrit:
375 764 562 845 quiquidem
587 763 766 838 Serviliam,
797 766 880 829 Bruti

195 865 339 920 matrem,
358 868 424 908 non.
437 847 530 905 minias
548 844 611 923 post
634 862 762 906 mortem
784 844 847 925 ejus
866 891 878 924 ,

194 926 282 1007 quim
302 928 476 1007 florentum,
491 921 624 984 coluerit.

175 1020 177 1025 ’
236 1005 282 1067 Sic
309 1006 479 1066 liberalitate
505 1021 611 1079 utens,
636 1005 727 1065 nullas
753 1008 880 1068 inimici-

193 1088 247 1147 tias
267 1084 349 1169 geffit
367 1105 377 1159 3
398 1086 478 1165 qubd
504 1106 600 1166 neque
625 1085 748 1146 laedebat
767 1108 878 1167 quem·

194 1189 300 1248 quam,
320 1187 438 1247 neque,
454 1164 475 1225 si
492 1187 579 1245 quam
602 1164 735 1246 injuriam
754 1182 879 1247 accepti

193 1265 254 1321 rat,
271 1247 395 1308 malebat
407 1245 520 1318 ulcisci,
539 1244 628 1326 quim
641 1246 781 1306 oblivisci.
792 1246 878 1309 Idem

137 1327 140 1331 ⁴
193 1328 352 1388 immortali
369 1326 510 1387 memorii
521 1345 659 1406 percepta
669 1328 811 1388 retinebat
824 1329 879 1390 be.-

194 1406 297 1469 neiicia
313 1428 323 1480 ;
342 1428 405 1490 quae
424 1404 601 1485 autem‘ipse
620 1408 780 1480 tribuerat,
799 1424 878 1469 tam·

193 1490 243 1549 diu
261 1492 450 1561 meminerat,
470 1487 567 1567 quoad
580 1487 639 1547 -ille
668 1508 764 1569 gratus
789 1506 851 1548 erat
862 1534 876 1562 ,

214 1572 243 1630 ui
267 1589 427 1649 acceperat.
445 1567 545 1648 Itaque
571 1566 615 1625 hic
633 1565 702 1627 fecit
713 1613 725 1639 ,
751 1585 782 1627 ut
804 1570 876 1630 verb

193 1592 298 1709 iulum
310 1651 467 1721 videatur,
487 1650 540 1708 Sui
557 1651 653 1725 cuique
668 1671 754 1709 mores
764 1650 876 1729 fingunt

184 1729 339 1809 fortunam.
361 1728 466 1809 Neque
487 1745 585 1787 tamen
609 1730 687 1807 prius
706 1730 755 1788 ille
774 1728 875 1789 forru-

191 1831 278 1883 nam,
296 1809 383 1891 quim
400 1808 427 1868 se
445 1807 525 1887 ipse,
550 1806 655 1881 finxit3
672 1812 721 1891 qui
737 1810 814 1869 cavit
830 1809 874 1875 ‘ne

191 1893 297 1973 quain
312 1911 343 1949 re
360 1890 421 1968 jure
442 1887 624 1968 plecleretut.

228 1967 297 2030 XII.
305 1970 359 2029 His
372 1972 457 2051 igitur
468 1969 552 2029 rebus
563 1962 658 2028 effecit
669 2012 679 2040 ,
696 1986 727 2027 ut
738 1968 784 2031 M.
796 1968 875 2052 Vipq

188 2048 281 2110 sanius
299 2050 449 2132 Agrippa,
464 2045 566 2108 intimi
584 2047 775 2110 familiaritate
797 2072 871 2125 cntr-

188 2128 300 2210 junstus
317 2115 492 2190 adolescenti
503 2127 630 2202 caesari,
649 2150 736 2210 quum
750 2150 875 2211 pro-pter

187 2210 267 2273 suam
282 2214 422 2293 gratiam,
435 2211 466 2271 ἃ
481 2208 598 2270 Caesaris
612 2213 793 2289 potentiam,
804 2214 873 2273 nul-

187 2289 241 2353 lius
264 2294 436 2353 conditionis
456 2312 515 2351 non
535 2289 655 2349 haberet
677 2290 872 2369 potestatem,

188 2372 364 2454 potiffimltut
396 2372 458 2450 ejus
493 2370 633 2510 delifieret
669 2368 873 2449 affinitatem,

187 2469 421 2534 praeoptaretque
434 2453 535 2531 equitis
574 2451 672 2509 omani
682 2449 769 2511 filiam
782 2465 873 2533 gene·

186 2534 314 2593 rosarum
335 2535 450 2612 nuptiis.
467 2530 569 2611 Atque
587 2531 687 2589 harum
709 2538 874 2611 nuptiarum

187 2614 356 2673 conciliator
376 2612 429 2673 fuit
449 2611 528 2693 (non
544 2609 583 2670 est
597 2613 672 2673 enim
689 2610 870 2693 celandum)

186 2692 233 2754 M.
256 2694 402 2756 Antonius
424 2690 763 2771 Triumvit.·reipublicae
794 2712 869 2751 con-

185 2768 334 2836 stituendae
349 2796 357 2834 ε
374 2771 454 2851 cujus
469 2773 559 2854 gratiai
571 2792 659 2853 quum
676 2791 781 2853 augere
799 2772 868 2852 pns-

183 2853 321 2917 sessiones
341 2852 434 2936 pollet
447 2854 508 2914 suas
522 2898 531 2925 ,
552 2858 663 2913 tantum
682 2852 771 2911 abfuit
785 2874 802 2911 a
816 2875 869 2914 cu-

182 2935 303 3018 piditate
323 2938 475 3019 pecuniae,
493 2951 525 2995 ut
546 2934 624 2996 nulla
640 2936 670 2993 in
693 2952 724 2993 re
749 2932 813 2995 usus
834 2934 870 2997 lit
