2117 3984
259 485 330 552 ²⁴04
441 463 751 532 Eprsronrr
809 483 834 530 ·.

251 578 321 640 loca
340 574 373 638 &
391 576 494 638 itinera
510 595 564 650 ‚tua
586 578 655 638 nihil
672 577 779 640 habere
803 579 949 642 certi'viti·

251 659 337 730 deo‚
356 678 452 739 neque
472 659 503 717 in
521 657 662 739 Epirum,
677 679 773 740 neque
791 658 940 734 Athenas,¹

253 757 351 819 neque
366 740 397 798 in
413 738 533 812 Asiam,
551 760 644 818 neque
661 741 818 820 cuiquam,
834 742 891 800 nisi
904 739 940 800 ad

253 836 284 880 te
304 818 398 900 ipsum
418 818 607 899 proficiscenti
615 847 628 892 ·‚
650 819 718 879 dedi
741 821 872 880 litteras:
889 840 941 882 ne·

255 920 313 980 que
336 902 415 960 enirn
436 899 500 960 sunt
520 919 564 959 eae
584 899 712 979 epistolae
731 900 836 960 nostrae
848 945 865 975 ‚.
915 921 939 960 ε

257 983 282 1120 pi
294 981 412 1075 perlptae
425 1001 485 1040 non
499 982 575 1052 sint,
591 980 711 1120 nihilhpp)
721 1001 766 1040 res
779 921 941 1142 nopspdgn·

270 1083 322 1120 ura
342 1079 402 1133 ειη
450 1081 494 1121 uae
521 1078 632 1121 tanturn
713 1080 764 1121 ent
782 1082 814 1119 m
862 1082 940 1122 erro·

256 1161 341 1214 rum,
355 1158 388 1200 ut
405 1080 452 1200 eaqs
468 1161 505 1202 ne
519 1140 639 1201 librariis
650 1140 768 1221 quidem
783 1141 846 1202 sere
861 1161 942 1210 corne
970 1159 972 1164 ’

260 1224 417 1288 mittamus.
437 1221 581 1301 Lepidum
605 1224 665 1303 quo
686 1222 818 1281 excidat:
836 1217 941 1284 consul

259 1301 301 1362 les
321 1302 442 1384 flagrant
463 1302 605 1373 infamii,
628 1301 707 1381 quod
724 1299 762 1362 C.
783 1301 952 1364 Memmius·

259 1383 426 1442 candidatus
442 1381 606 1463 pastionem
625 1385 655 1441 in
675 1380 772 1441 senatu
794 1384 940 1458 recitavit,

261 1485 349 1545 quam
372 1462 432 1542 ipse
454 1463 486 1522 δι
507 1462 570 1523 suus
591 1464 766 1542 competitor
790 1461 939 1524 Domitius

261 1564 328 1604 cum
351 1542 513 1603 consulibus
529 1542 677 1615 fecissent,
701 1545 743 1603 uti
762 1543 851 1602 ambo
870 1541 940 1604 H-s

259 1624 444 1705 quadragena
464 1623 624 1686 eonsusibus
651 1624 751 1683 darent
770 1667 787 1697 ‚.
805 1625 829 1682 si
856 1621 943 1684 esseut

261 1706 273 1718 ⁸
293 1706 317 1764 si
335 1703 465 1766 consules
485 1703 579 1777 fasti,
605 1706 656 1763 nisi
673 1720 730 1763 tres
749 1722 872 1785 augures
888 1705 943 1765 de·

259 1725 382 1856 dissent,
418 1784 447 1844 ui
461 1783 490 1843 se
506 1782 612 1844 assuisse
628 1783 778 1856 dicerent,
790 1805 882 1864 quum
897 1784 943 1846 lex

262 1866 369 1923 curiata
395 1805 542 1939 serretur,
564 1884 628 1943 quae
645 1865 702 1925 lata
718 1884 778 1924 non
797 1862 893 1938 esset;
914 1865 945 1926 δι

260 1945 322 2006 duo
339 1940 519 2017 consulares,
537 1948 585 2024 qui
603 1944 632 2004 se
649 1946 776 2005 dicerent
790 1947 822 2004 in
837 1966 945 2006 ornan·

263 2024 307 2086 dis
318 2025 475 2104 provinciis
486 2024 679 2085 consularibus
690 2025 841 2085 scribendo
854 2022 946 2086 affinis·

259 2106 288 2168 se
300 2151 316 2180 ‚‚
340 2125 412 2166 uum
427 2107 549 2166 omnino
568 2126 606 2166 ne
619 2105 728 2166 senatus
785 2107 867 2167 idem
880 2104 946 2167 suis·

260 2185 314 2252 set.
363 2206 405 2246 aec
422 2186 515 2268 pastio
535 2207 600 2246 non
612 2187 729 2259 verbis,
762 2187 800 2248 ed
817 2187 948 2247 nomini·

260 2268 316 2330 bris
335 2266 369 2328 dt
384 2267 660 2348 perscriptionibus,
682 2265 839 2327 multorum
861 2266 948 2329 tabu·

259 2349 296 2410 lis
318 2369 412 2430 quum
431 2346 487 2409 esse
511 2347 583 2407 satia
605 2347 769 2420 diceretur,
790 2348 905 2428 prolata
928 2369 947 2407 a

260 2430 410 2490 Memmio
429 2425 469 2490 est
484 2429 648 2490 nominibus
669 2426 813 2502 induitis,
831 2426 948 2489 a'udote

260 2509 416 2590 Pompeio.
438 2509 496 2569 Hic
516 2508 630 2589 Appius
652 2525 713 2567 erat
736 2508 817 2569 idem
839 2530 847 2568 ι
875 2507 949 2568 nihil

261 2590 328 2650 sane
349 2588 471 2667 iadorae.
492 2587 654 2650 corruerat
669 2589 762 2662 alter,
785 2589 818 2649 &
836 2588 950 2668 plane-3

260 2673 407 2749 inquam,
429 2668 553 2746 jacebat.
582 2670 740 2729 Memmius
757 2683 882 2744 autem,
901 2661 951 2729 di-

262 2749 378 2830 rempti
404 2739 531 2810 doitione
560 2750 651 2811 i'nvito
676 2747 833 2823 Calvino,
861 2748 955 2830 plane

262 2830 430 2902 restitutam
445 2830 476 2891 &
491 2830 528 2891 eo
544 2832 635 2911 magis
651 2852 730 2892 nune
743 2832 872 2912 cogitare
889 2831 952 2891 diu·

264 2930 409 2985 tamtam,
424 2927 487 2970 tum
503 2908 602 2970 severe
621 2908 747 2987 justitio,
767 2912 799 2971 δι
818 2914 952 2972 omnium

264 3015 362 3060 rerum
374 2993 509 3058 licente.
525 2990 657 3073 Perspice
676 2993 844 3075 equitatem
860 2992 959 3054 animi
