2117 3984
184 501 234 563 20,
309 481 513 549 Coruum
540 478 730 548 Nrrrorrs

224 593 293 655 XX.
313 596 458 676 Quamvis
479 612 547 656 ante
567 595 628 653 haec
644 590 786 672 sponsalia
814 616 845 648 m·
861 590 873 666 j

181 674 306 750 solum,
336 697 423 757 quum
445 677 482 736 ab
504 676 577 734 urbe
608 671 715 733 abess'et
739 671 835 734 Caesat'

184 776 342 838 numquam
368 756 405 817 ad
425 756 540 816 suorum
563 774 740 836 quemquam
759 755 823 813 litt
855 766 858 769 '

184 836 279 911 mifit,
300 839 367 918 quin
385 837 483 896 Attico
507 837 655 908 mitteret,
676 837 745 914 quid

184 919 350 999 inprimis,
369 919 437 996 quid
457 917 482 975 le
500 934 574 989 eret,
593 916 739 995 quibusque
760 918 792 974 ia
828 944 831 955 ·

185 999 248 1069 cir,
263 999 289 1057 G·
305 1000 433 1076 quamdiu
452 938 512 1075 effic
528 1016 680 1055 moraturus
698 994 766 1069 :sed
787 1025 789 1027 ·
806 1028 824 1046 ν
834 1034 836 1041 ,

208 1099 276 1138 uum
292 1075 361 1138 effer
380 1080 409 1137 in
435 1079 528 1150 urbe,
549 1077 580 1135 &
602 1092 722 1155 propter
739 1075 801 1135 suas
832 1110 834 1112 -

185 1099 281 1217 initas
306 1160 512 1238 occupationes
533 1157 627 1216 minus
658 1156 757 1235 saepe,
786 1184 828 1208 w
853 1162 861 1227 j

185 1239 298 1311 vellet,
319 1238 422 1297 Attico
444 1237 607 1308 frueretur,
622 1236 715 1295 nullus
740 1236 802 1297 dies
827 1270 860 1317 ¹.

144 1328 149 1340 ¹
187 1338 257 1378 men
273 1321 384 1379 temere
399 1315 575 1388 interreffit,
592 1336 651 1397 quo
670 1337 730 1375 uon
751 1316 790 1375 ad
808 1346 839 1369 ...

186 1398 343 1472 scriberet3
358 1420 446 1480 quum
463 1397 556 1457 modo
571 1396 678 1477 aiiquid
694 1396 732 1456 de
748 1397 861 1460 ani-v?

187 1496 247 1540 tate
277 1480 313 1539 ab
337 1499 375 1540 eo
404 1481 562 1559 requireret
588 1499 598 1549 3
623 1476 715 1536 modi>
789 1508 795 1527 ·
811 1508 840 1554 ',.'
857 1548 862 1559 ἱ

188 1562 217 1621 ei
238 1558 425 1640 quaestionem
440 1562 585 1640 poeticam
601 1574 786 1637 proponeret·
802 1577 861 1638 ;·,

187 1641 304 1699 terdum
329 1638 430 1720 jocans
454 1638 517 1718 ejus
543 1637 725 1701 verbofiores
751 1639 843 1699 elic'

191 1719 335 1800 epistolas.
807 1745 834 1772 :.
860 1720 863 1737 ¹

229 1797 271 1858 Ex
288 1821 347 1881 quo
362 1798 486 1872 accidit,
502 1819 590 1879 quum
613 1798 690 1858 aedes
709 1798 791 1859 Jovis
812 1795 862 1870 Γ,

187 1883 265 1939 tertii
281 1882 310 1937 in
327 1878 476 1959 Capitolio
487 1924 496 1951 ,
507 1878 544 1937 ab
555 1879 683 1939 Romulo
698 1876 836 1939 constitu

186 1959 328 2019 vetustate
350 1979 437 2039 atque
452 1959 560 2018 incuria
575 1958 815 2097 deteRa'pt-olab
830 1996 836 2010 ·
859 1954 864 1977 ³

188 2054 254 2110 tur,
267 2057 320 2111 ut,
342 2038 432 2099 Attici
451 2040 622 2111 admonitu,
636 2036 687 2098 Cae
702 2061 731 2097 ar
745 2060 810 2099 eam
830 2076 836 2091 ·
862 2062 875 2103 ·.

187 2117 340 2179 ficieudam
356 2139 476 2179 curaret.
492 2118 598 2199 Neque
608 2127 680 2177 vero
696 2119 731 2177 ab
748 2119 794 2179 M.
843 2162 846 2170 -

186 2202 270 2259 tortio
279 2202 371 2259 minus
383 2199 481 2260 absens
489 2199 589 2259 litteris
598 2200 841 2271 colebatur;ad
860 2224 869 2279 Α,

122 2332 125 2335 ,
187 2297 220 2341 ut
243 2281 374 2340 accurate
399 2281 447 2340 ille
469 2301 505 2339 ex
534 2281 639 2338 ultimis
660 2282 741 2339 tertis
764 2325 775 2353 ‚
802 2303 819 2360 q
843 2281 851 2298 ⁸

186 2380 294 2442 ageret,
312 2362 379 2439 quid
404 2381 471 2419 curae
484 2359 538 2435 fibi
555 2360 690 2432 haberet,
713 2362 819 2420 certior
846 2361 868 2432 s

186 2440 295 2501 faceret
318 2438 458 2504 Atticum.
482 2439 550 2498 Hoc
578 2439 662 2519 quale
682 2439 738 2514 stt,
759 2440 814 2500 fac'
835 2474 848 2491 ι·

186 2520 406 2592 existimabitis,
420 2523 467 2600 qui
477 2518 602 2597 judicare
616 2522 725 2599 poterit
735 2565 745 2592 ‚
755 2542 847 2601 quan

185 2598 219 2660 stt
240 2599 402 2679 sapientiae,
419 2621 520 2662 eorum
537 2602 659 2661 retinere
679 2598 761 2659 usum
777 2601 862 2663 beo·-

184 2680 402 2817 volentiamque
414 2726 422 2751 ‚
436 2683 511 2740 inter
528 2702 601 2760 quos
619 2684 808 2741 maximarum
847 2726 854 2731 ψ
872 2753 874 2755 v

186 2780 327 2818 rumnon
360 2760 439 2820 olirm
469 2762 633 2834 mulatio,
654 2759 703 2821 sed
722 2762 854 2823 obtrest

186 2841 228 2898 tio
249 2856 326 2897 tanta
346 2841 566 2914 intercedebat,
589 2858 725 2921 quantam
748 2840 803 2901 fuit
824 2841 875 2902 i'·'

186 2919 334 2983 tercedere
355 2920 467 2983 necesse
488 2925 561 2981 inter
582 2920 723 2981 Caesarem
744 2965 754 2989 ,
780 2940 849 3003 atqu

186 2997 349 3063 Antonium
367 3020 377 3075 ;
394 3021 481 3084 quum
508 3000 537 3063 se
562 3012 683 3086 uterque
706 3004 879 3087 principetur
