2117 3984
259 463 543 531 ADATTIctJM
561 463 712 533 [ΗΜ.
751 487 821 556 473

138 574 175 636 lit
196 574 301 638 litteras
325 620 335 649 ,
355 578 385 635 in
414 575 516 654 quibus
541 595 601 636 erat
631 579 827 642 confirmatius

141 656 220 716 idem
242 656 341 716 illud:
364 658 392 715 ei
415 656 451 713 de
477 653 527 714 suo
550 663 668 735 negotio
687 660 824 741 respondi

141 737 312 810 cumulate,
332 755 397 793 cum
417 737 499 807 omni
521 751 571 794 tua
590 742 704 816 gratia:
729 742 823 802 adhue

139 836 201 878 non
219 813 426 875 satisfaciebat:
446 814 533 875 debet
549 833 646 876 autem
663 818 731 877 milri
749 823 825 882 mul·

138 913 187 957 tos
201 916 358 969 nummos,
375 915 429 956 nec
447 896 569 956 liabetur
582 898 724 979 locuples.
739 899 825 962 Nunc

139 979 181 1038 ait
204 974 232 1036 se
258 976 413 1037 daturum:
439 979 485 1037 cui
512 977 670 1057 expensum
699 978 825 1054 tulerit,

138 1058 263 1115 morati:
277 1057 448 1130 tabellariis,
463 1060 486 1117 si
498 1058 576 1136 apud
590 1077 619 1119 te
634 1057 721 1132 esset,
736 1080 826 1140 quum

138 1134 342 1209 satisfecisset,
368 1138 474 1196 dates:
505 1156 645 1229 quantum
667 1141 730 1214 sit,
753 1138 826 1199 Eros

139 1213 288 1277 Philotimi
312 1218 362 1276 tibi
390 1217 478 1278 dicet.
506 1217 565 1277 Sed
589 1220 626 1278 ad
647 1216 756 1297 majora
778 1218 827 1279 re-

139 1296 268 1357 deamus.
297 1296 392 1375 Quod
418 1315 530 1377 optas,
562 1296 729 1360 Coelianum
754 1300 825 1361 illud

139 1377 320 1439 maturescit:
339 1380 433 1457 itaque
452 1394 619 1458 torqueor,
637 1382 733 1441 utrum
751 1401 826 1441 ven-

140 1474 204 1517 tum
220 1456 401 1539 exspeslem:
418 1460 527 1519 vexillo
545 1480 620 1539 opus
637 1460 694 1520 est:
713 1481 826 1520 convo·

89 1565 110 1572 ·-
138 1538 250 1599 labunt.
273 1536 368 1616 Quod
387 1536 510 1612 suades,
534 1556 566 1598 ut
581 1542 696 1618 palam;
712 1540 826 1620 prorsus

138 1616 302 1680 assentior:
326 1619 423 1698 itaque
450 1638 498 1677 me
524 1619 719 1697 profecturum
743 1639 826 1701 puto.

132 1698 221 1778 ,Tuas
235 1717 333 1759 tamen
347 1700 463 1757 interim
477 1698 585 1759 litteras
601 1700 825 1782 exspeslo.,Ser·

136 1781 180 1838 vii
201 1780 323 1838 consilio
340 1778 410 1836 nihil
434 1779 608 1858 expeditur:
632 1802 734 1842 omnes
752 1803 823 1862 cap·

136 1863 234 1920 tiones
254 1861 283 1916 iu
299 1861 378 1917 omni
393 1857 531 1922 sententia
546 1879 717 1940 occurrunt:
733 1883 824 1923 unum

137 1937 177 2000 C.
201 1938 341 1998 Marcello
361 1942 489 2020 cognovi
507 1942 684 2004 timidiorem
702 1961 822 2024 ;·quem

138 2018 286 2079 consulem
298 2016 379 2080 fuisse
390 2022 525 2098 poenitet·
537 2021 571 2083 ss
581 2031 672 2091 πιὶλιῐς
682 2023 821 2092 intrariae!

137 2102 188 2179 qui
207 2102 295 2160 etiam
315 2098 479 2159 Antonium
494 2091 674 2168 confirmasse
696 2102 821 2176 dicitur„

137 2196 171 2240 ut
187 2199 235 2241 tue
253 2179 431 2259 impedirem
454 2182 514 2260 quo
531 2178 613 2260 ipse,
634 2179 745 2253 credo,
765 2181 823 2241 ho·
859 2177 862 2188 '

136 2257 253 2322 nestiits.
280 2258 426 2322 Antonius
446 2276 545 2321 autem
565 2277 604 2319 vt
622 2257 666 2321 ld.
690 2257 822 2340 Capuam

135 2340 283 2422 prosedas
303 2338 368 2402 est:
391 2340 495 2401 adme
520 2342 629 2412 misit,
652 2340 681 2401 se
708 2340 821 2420 pudore

136 2420 306 2481 deterritum
324 2420 361 2481 ad
378 2441 428 2482 me
446 2443 508 2481 non
527 2417 657 2494 venisse,
675 2420 754 2501 quod
773 2442 821 2484 me

127 2503 194 2564 sihi
213 2499 376 2562 succensere
401 2517 523 2581 putaret.
551 2499 641 2561 Ibitut
662 2503 766 2583 igitur,
788 2502 822 2563 &

135 2583 177 2643 ita
195 2582 314 2663 quidem
327 2626 337 2657 ‚
349 2599 382 2642 nt
402 2581 519 2655 censes3
538 2584 592 2654 nisi
608 2580 687 2660 cujus
704 2582 823 2662 gravio·

126 2663 180 2724 ris
212 2660 343 2743 personae
370 2660 553 2743 suscipiendas
584 2661 648 2742 spes
675 2664 728 2723 erit
755 2663 822 2724 ante

136 2741 254 2803 oblata:
270 2740 320 2804 sed
331 2742 381 2802 vix
397 2745 451 2804 erit
462 2762 521 2805 tam
536 2744 613 2803 cito:
626 2742 757 2804 Allienus
768 2763 821 2801 au·

136 2839 197 2886 tem
216 2838 324 2903 praetor
336 2823 458 2962 putabat
475 2824 658 2902 aliquem,·si
669 2843 726 2902 ego
739 2842 820 2894 non,

136 2922 173 2968 ex
193 2904 267 2964 colle
290 2905 313 2961 is
348 2903 413 2959 uis:
435 2904 528 2981 quivis
548 2903 637 2976 licet,
659 2899 820 2961 dummodo

134 2983 248 3066 aliquis.
296 3003 312 3046 e
327 2980 423 3044 sorore
432 2981 529 3046 laudo.
540 2981 590 3046 De
603 2984 716 3064 Quinto
727 2999 821 3062 puero
