2117 3984
298 491 358 541 An
374 473 582 542 Amcvrr
595 475 681 543 er.
697 474 766 546 IX.
800 499 873 569 407

191 582 239 643 dia
252 584 306 645 ribi
331 588 452 659 remisi,
473 587 504 646 δι
525 584 679 649 Philotimo
692 597 695 604 '
706 591 782 651 dedi.
807 592 873 653 Nec

188 665 264 726 verb
278 665 379 725 dubito
389 668 477 745 ,quin
489 664 639 724 exitiosum
650 667 755 728 bellum
765 675 877 751 impen.

184 745 286 826 dcet,
292 744 379 821 cujus·
385 746 499 803 initium
510 743 631 804 ducetur
646 768 661 804 a
676 747 762 809 fame.
777 748 813 809 Et
825 773 874 812 me

190 839 291 886 tamen
311 824 400 884 doleo
415 841 477 884 'non
494 823 625 884 intereffe
641 826 706 885 huic
725 827 802 887 bello
818 848 828 901 ;
845 833 875 890 in

190 925 252 986 qno
266 921 347 964 tanta
356 906 401 964 vis
417 904 528 964 sceleris
540 903 634 964 filiur'a
644 904 702 979 est,
721 924 773 980 ut,
786 928 876 987 quum

184 1001 331 1068 parentes
352 1003 413 1054 non
437 986 514 1045 alere
539 984 680 1044 nefarium
707 988 763 1058 sit,
789 986 878 1048 nostri

185 1065 340 1146 'principes
364 1064 650 1145 antiquissimam&
675 1064 878 1127 faustissimam

192 1160 346 1228 parentem
364 1139 484 1224 pat'riain
498 1144 577 1205 fame
588 1147 747 1211 necandam
764 1149 878 1226 p'utent.

189 1223 237 1286 At
259 1243 295 1284 ue
309 1224 367 1283 hoc
384 1242 445 1283 non
464 1226 604 1304 opinione
627 1226 741 1298 timeo,
760 1225 810 1286 sed
834 1229 880 1285 in-

187 1321 225 1365 ne
273 1306 281 1362 i
293 1302 477 1364 sermonibus
489 1323 499 1361 τ
509 1307 604 1364 omnis
616 1304 676 1363 haec
694 1306 791 1365 classis
807 1306 880 1367 Ale-

194 1384 335 1458 radda,
346 1381 483 1457 Colchis,
499 1377 607 1464 Tyro,
621 1383 747 1460 Sidone,
760 1385 881 1459 Arado,

194 1461 880 1546 Cyprofpamphylid,Lycii,Rhodo,Chio,

194 1543 224 1606 Β
313 1545 343 1604 ‘o
356 1542 490 1617 ,Lesbo,
501 1544 628 1623 Smyrnd
637 1589 647 1617 ,
657 1544 779 1615 Mileto,
792 1543 881 1619 Coo,

192 1561 492 1686 fflrcludendos
515 1641 694 1700 commeatus
719 1624 827 1698 Italiae,
850 1627 883 1686 &

195 1703 455 1784 nd:·0c·cupandas
489 1702 685 1765 frumentarias
720 1707 883 1784 provincias

191 1787 393 1865 oonpmmr.
410 1785 453 1843 At
469 1783 556 1864 quim
569 1787 668 1845 veniet
679 1786 764 1845 iratus
777 1785 784 1845 !
807 1785 883 1845 &iis

191 1864 478 1948 „qiddeln²:maximd,
496 1867 546 1945 qui
559 1885 624 1924 eam
636 1866 761 1924 maxime
776 1864 884 1926 salvam

193 1943 364 2018 ¹dolebant,
385 1946 466 2026 quari
481 1945 592 2005 relidas
610 1944 646 2003 ab
662 1947 696 2004 iis
716 1965 790 2025 quos
813 1946 884 2004 reli-

191 2021 278 2107 ·'quit.
294 2021 396 2105 ltaque
415 2026 485 2083 mihi
503 2025 664 2096 dubitanti,
684 2024 752 2103 quid
773 2035 827 2084 me'
842 2024 885 2082 fa-

202 2124 273 2165 cere
309 2123 339 2162 er
348 2105 400 2179 sit,
416 2124 607 2186 permagnum
619 2103 732 2182 pondus
744 2101 825 2163 affert
835 2104 887 2163 be·

202 2124 373 2246 nevoddnna
382 2203 449 2267 erga
457 2186 537 2244 illum
549 2204 558 2256 ;
570 2184 627 2264 qui
644 2182 777 2261 dempti,
793 2185 887 2263 perire

205 2264 309 2326 melius
328 2262 397 2326 ellet
414 2268 444 2324 in
465 2267 576 2345 patria,
594 2261 680 2342 quim
698 2265 819 2341 patriam
834 2261 889 2321 ser·

204 2343 307 2406 vando
329 2361 472 2405 evertere.
496 2344 547 2406 De
567 2342 781 2421 Septemtrione
805 2341 889 2421 pland

204 2427 248 2484 ita
263 2422 313 2486 est.
334 2424 457 2497 Metuo,
481 2444 518 2484 ne
546 2439 669 2483 vexetur
693 2420 805 2500 Epirus.
830 2420 890 2481 Sed

195 2521 298 2586 -quem
317 2520 347 2565 tu
364 2505 461 2564 locum
477 2502 599 2579 Graeciae
618 2521 678 2561 non
698 2502 841 2580 direptum
857 2502 892 2561 iri

230 2601 294 2644 uras
317 2584 328 2644 ἓ
352 2586 488 2664 predicat
505 2584 584 2643 enim
603 2583 719 2663 palam,
738 2582 770 2640 ὃ(
790 2582 889 2642 militi·

208 2605 265 2724 dus
282 2662 427 2736 ostendit,
451 2664 479 2724 se
499 2664 648 2745 largitione
674 2661 737 2741 ipsi
764 2660 893 2741 superio-

210 2764 290 2819 rem,
303 2743 392 2824 qudm
408 2744 483 2803 hunc
497 2789 506 2817 ,
525 2743 599 2803 fore.
615 2741 690 2801 Illud
701 2761 749 2803 me
760 2742 894 2822 praeclare

212 2825 375 2896 admones,
401 2844 490 2905 quum
510 2822 591 2881 illum
610 2822 736 2895 videro,
754 2842 791 2881 ne
809 2823 894 2879 nimis

212 2905 419 2986 indulgenter,
439 2904 471 2962 &
493 2919 524 2962 ut
545 2922 610 2961 cum
658 2904 776 2963 revitate
797 2900 895 2979 potilio

213 2984 345 3067 loquar:
370 2982 456 3067 plane
475 2982 517 3043 sic
537 2980 608 3042 facie
650 3001 709 3043 um.
727 2979 899 3063 Arpinum,
