2117 3984
359 464 398 538 Ἀ
414 486 437 537 T
456 486 513 538 rr
532 488 553 537 c
570 489 598 539 υ
612 490 645 541 s,
820 490 837 569 5

147 581 291 644 Romanis
301 628 311 657 ,
321 587 395 645 remi
430 589 489 645 avit
505 585 650 659 Romam,
663 600 696 645 ut
711 586 840 667 opinor,

147 664 181 725 L.
200 662 295 725 Cotti
308 665 342 725 δι
357 664 392 723 L.
434 684 559 747 orquato
575 664 643 732 coss.
656 687 743 748 quem
756 667 836 728 diem

146 744 183 805 stc
205 744 340 805 universa
361 747 462 806 civitas
490 745 711 808 Atheniensium
729 745 837 827 prose·

149 841 215 884 cuta
238 824 305 909 est,
325 842 355 885 ut
372 827 508 909 lacrymis
526 825 661 887 desiderii
676 826 764 887 fusuri
780 826 836 899 ἀοι,

152 906 246 966 lorem
263 906 408 966 indicarit.
628 949 631 956 ·

188 986 230 1045 V.
252 985 391 1046 Habebat
410 986 584 1048 avunculum
600 985 644 1067 Q.
663 982 831 1063 Caecilium,

148 1068 278 1147 equitem
306 1066 498 1139 Romanum,
522 1067 691 1128 familiarem
716 1068 750 1127 L.
774 1068 835 1128 Lu·

146 1148 235 1219 culli,
256 1147 400 1222 divitem,
423 1146 587 1207 difficillima
608 1148 728 1221 natum,
751 1148 834 1225 cujus

145 1225 183 1286 stc
195 1225 380 1307 asperitatem
391 1230 498 1287 veritus
508 1227 549 1287 est
558 1272 568 1300 ,
578 1245 628 1301 ut,
641 1248 728 1308 quem
740 1249 831 1289 nemo

146 1307 224 1367 ferre
242 1305 357 1388 posset,
372 1306 456 1386 hujus
466 1306 523 1367 stne
535 1305 695 1368 offensrone
706 1308 744 1367 ad
755 1308 834 1366 sum·

89 1412 92 1418 ·
147 1408 227 1447 mam
259 1386 437 1448 seneslutem
469 1390 618 1449 retinuerit
650 1388 835 1447 benevolen-

145 1471 228 1527 tiam.
247 1465 323 1547 Quo
333 1468 409 1528 fado
421 1468 486 1527 tulit
495 1471 611 1549 pietatis
620 1465 754 1525 fruslum.
767 1464 835 1526 Cae·

146 1550 229 1607 cilius
245 1552 323 1608 enim
342 1551 493 1621 moriens,
515 1546 689 1608 testamento
709 1546 835 1626 adopta·

148 1630 194 1688 vit
211 1648 297 1702 eum,
312 1630 511 1709 heredemque
533 1626 600 1689 fecit
617 1647 654 1687 ex
669 1627 832 1699 dodrante;

150 1728 185 1769 ex
205 1730 262 1790 qua
282 1710 442 1769 hereditate
463 1711 574 1789 accepit
591 1710 701 1767 circiter
721 1711 832 1768 centies

147 1788 316 1849 sestertium.
327 1788 394 1849 Erat
405 1806 493 1867 nupta
505 1789 586 1848 soror
595 1787 686 1848 Attici
702 1788 744 1867 Q.
756 1786 833 1849 Tul·

144 1870 184 1929 lio
206 1868 346 1929 Ciceroni
364 1889 374 1943 ;
398 1869 500 1949 easque
523 1872 636 1949 nuptias
655 1866 700 1926 M.
721 1865 832 1929 Cicero

147 1951 329 2021 conciliarat,
347 1970 413 2009 cum
436 1971 524 2030 quoa
544 1948 770 2028 condiscipulatu
785 1952 834 2008 vi·

147 2032 236 2090 vebat
252 2027 499 2108 conjnnffistrmb,
519 2030 611 2088 multb
636 2031 723 2087 etiam
743 2028 834 2087 sami-

150 2109 241 2170 liariirs
256 2110 344 2191 quim
354 2131 420 2169 cum
433 2110 548 2189 Quinto
565 2127 620 2180 ;ut
635 2107 754 2186 judicari
766 2108 833 2188 pos·

150 2187 201 2261 stt,
221 2191 285 2271 plus
304 2192 332 2251 in
357 2193 481 2249 amicitia
501 2189 598 2247 valere
618 2187 845 2256 similitudinem,

150 2290 283 2343 morum,
307 2269 393 2349 quim
413 2268 593 2328 affinitatem.
616 2266 762 2342 Urebatur
781 2289 836 2327 aua

148 2366 206 2410 tem
224 2351 327 2409 in'time
343 2350 386 2430 Q.
403 2349 584 2422 Hortensio,
601 2351 649 2428 qui
667 2350 699 2407 iis
717 2365 834 2428 tempo-

147 2431 224 2490 ribus
245 2432 439 2511 principatum
458 2432 631 2509 eloquentiae
649 2430 788 2502 tenebat,
800 2448 833 2491 ut
867 2492 869 2495 Α

146 2512 268 2592 intelligi
289 2532 350 2570 non
369 2508 486 2591 posset,
510 2528 572 2569 uter
599 2530 666 2568 eum
685 2511 748 2591 plus
768 2512 834 2569 dili·

146 2610 256 2673 geret,
281 2588 418 2663 Cicero,
445 2612 481 2649 an
504 2588 676 2649 Hortensius
697 2612 704 2648 :
724 2592 755 2650 δι
780 2592 833 2665 id,

146 2672 227 2753 quod
245 2688 308 2731 erat
325 2668 545 2742 difficillimum,
564 2669 725 2745 efficiebat,
739 2690 770 2729 ut
787 2675 835 2729 in·

146 2769 191 2811 ter
203 2772 278 2831 quos
300 2769 389 2810 tantae
399 2751 489 2809 laudis
500 2749 569 2811 esset
580 2750 725 2811 aemulatio
735 2795 745 2824 ,
756 2752 835 2813 nulla

143 2832 342 2892 intercederet
363 2830 555 2904 obtresiatio,
582 2830 710 2912 essetque
730 2832 833 2893 talium

144 2914 275 2975 virorum
296 2912 416 2992 copula.
789 2932 797 2940 ·

186 2990 295 3058 Vl.1n
319 2992 469 3078 republica
489 2994 529 3054 ita
548 2990 677 3131 versatuAs
693 2989 770 3085 ..isti
800 3007 832 3051 ut

693 3092 723 3151 ll]
