2117 3984
301 457 361 563 nn
380 495 595 562 Arrrcunr
613 496 700 568 er.
721 498 753 569 Ι.
827 520 866 597 55

139 629 141 639 ¹
203 610 274 670 nodo
283 609 437 683 homines,
447 610 554 669 verum
569 611 656 668 etiarn
670 610 795 689 pecudes
810 611 871 673 fac·

199 710 245 751 nnn
260 689 317 750 effe
332 688 441 763 sciant,
459 690 490 748 id
506 687 655 763 Talnam,
671 691 702 750 &
718 690 867 768 Plautum,

195 771 419 909 &Sponssiam
437 770 469 829 &
486 789 597 831 ceteras
612 769 773 847 hujusmodi
790 774 867 853 quis·

226 854 284 911 'ias
335 868 467 923 amere,
493 871 653 929 numquam
676 850 733 910 esse
753 852 867 917 fanum.

201 933 243 992 ‘ed
258 950 377 1003 tamen,
398 947 431 990 ut
447 945 478 990 te
494 929 533 990 de
553 931 698 1010 republica
714 932 868 1008 consoler,

191 1034 246 1073 non
260 1015 320 1085 ita,
341 1030 375 1070 ut
395 1009 545 1090 sperarunt
562 1012 651 1085 mali,
669 1028 751 1072 tanto
774 1016 872 1093 impo-

187 1095 236 1153 siro
259 1091 431 1171 reipublicae
455 1092 603 1164 vulnere,
625 1093 722 1151 alacris
751 1093 872 1155 exsultat

186 1173 354 1254 improbitas
369 1173 403 1229 in
419 1168 562 1230 visiona:
579 1192 644 1231 nam
661 1173 745 1251 plane
759 1175 798 1232 ira
815 1195 872 1253 pu-

139 1301 145 1330 r
186 1270 340 1324 taverunt,
358 1271 452 1332 quum
470 1253 521 1311 reli
544 1254 593 1325 ¹0,
608 1272 696 1333 quum
713 1253 871 1333 pudicitia,

139 1333 145 1358 “
185 1354 269 1414 quum
300 1330 483 1411 judiciorum
513 1272 613 1405 scies,
640 1352 729 1411 quum
758 1332 870 1394 senarias

184 1413 334 1474 auRoritas
362 1408 563 1485 concidisset,
592 1410 685 1485 fore,
713 1430 745 1471 ut
771 1418 871 1493 aperte

185 1493 282 1555 viarii
299 1494 457 1572 nequitia,
479 1512 512 1550 ac
532 1492 623 1551 libido
643 1513 746 1571 poenas
766 1494 801 1551 ab
817 1516 873 1572 op-

185 1577 258 1634 timo
279 1592 397 1653 quoque
424 1588 539 1652 peteret
559 1571 600 1631 sui
628 1572 765 1645 doloris,
785 1594 874 1653 quem

191 1654 401 1733 improbissimo
438 1654 540 1732 cuique
573 1650 706 1711 inusserat
737 1650 873 1714 severitas

192 1730 530 1806 consulatus‚mei.1dem
549 1752 605 1812 ego
623 1733 672 1791 ille
690 1732 873 1813 (nonenim

188 1815 255 1874 mihi
271 1813 378 1875 videor
398 1810 554 1872 insolenter
576 1812 711 1895 gloriari,
727 1835 816 1894 quum
834 1816 871 1876 de

186 1915 233 1955 rue
246 1892 328 1975 apud
345 1910 376 1951 te
391 1893 519 1972 loquor,
536 1895 565 1951 in
579 1914 614 1952 ea
630 1894 784 1972 prasertim
800 1895 876 1975 epis-

188 1975 275 2048 tola,
300 1992 392 2055 quam
413 1973 486 2032 nolo
505 1973 567 2031 aliis
588 1975 613 2033 le
634 1976 670 2054 i)
692 1975 800 2048 idern,
824 1979 875 2036 in-

187 2075 297 2135 quam,
315 2073 376 2134 ego
399 2056 529 2113 recreavi
548 1994 666 2113 afflisos
687 2058 799 2115 animos
818 2058 876 2115 bo·

190 2155 313 2207 norum,
328 2152 567 2213 unumquemque
585 2133 778 2208 confirmans,
792 2139 876 2195 exci-

192 2232 287 2274 tans:
316 2212 483 2275 insesiandis
515 2217 589 2274 verb
610 2259 619 2286 ‚
642 2215 876 2295 exagitandisque

190 2296 354 2355 nummariis
382 2292 523 2372 judicibus
551 2338 561 2365 ‚
592 2312 713 2352 ornnem
741 2296 877 2355 omnibus

191 2373 339 2449 studiosis,
354 2395 389 2433 ac
405 2374 566 2433 fautoribus
580 2375 654 2433 illius
671 2371 797 2432 visioriae
811 2383 879 2453 παῤ-

193 2457 275 2534 irn'ar
292 2456 407 2535 eripui:
429 2453 565 2513 Pisonem
585 2453 733 2513 consulem
755 2454 831 2513 nulli
846 2457 876 2516 in

192 2556 221 2595 re
238 2533 394 2595 consistere
419 2554 561 2622 umquam
584 2534 645 2594 sum
669 2531 759 2615 passus
782 2556 789 2591 τ
819 2535 876 2596 (1εέ

194 2613 320 2694 sponsam
346 2617 460 2675 homini
485 2635 543 2693 jam
562 2613 676 2695 Syriam
696 2616 812 2675 ademi:
827 2617 878 2680 se-

193 2712 286 2755 natum
310 2696 349 2756 ad
369 2694 516 2777 pristinam
538 2695 615 2755 suam
629 2695 811 2757 severitatem
830 2719 879 2759 re·

194 2780 317 2851 vocavi,
344 2794 433 2857 atque
455 2773 600 2853 abjesium
620 2778 766 2836 excitavi:
795 2776 875 2836 Clo-

193 2856 265 2916 dium
291 2858 469 2937 praesentem
495 2855 568 2939 fregi
589 2860 618 2917 in
642 2856 763 2929 senatu,
786 2878 876 2935 quum

193 2940 317 2998 oratione
337 2936 505 3020 perpetui,
525 2937 691 3018 plenissimi
710 2938 878 3020 gravitatis,

139 3049 141 3054 ·
194 3033 248 3080 tum
267 3020 462 3081 altercatione
487 3014 652 3097 ejusmodi,
672 3038 709 3077 ex
731 3037 787 3095 qua
810 3017 878 3078 licet

708 3093 780 3157 civ
