2117 3984
313 451 600 524 An'Armvtu
619 451 703 520 ΜΒ.
726 455 767 518 V.
808 474 872 544 243

174 566 222 637 ‚Bt
236 565 351 631 Cili'ciae
366 565 495 649 praefeci.
513 563 558 645 Q.
574 565 749 641 Volusium,
767 566 810 626 tui
821 563 876 626 Ti·

188 649 261 712 iterii
280 667 444 730 generum,
460 665 572 708 cermm
582 647 744 718 hominem,
760 645 809 712 sed
823 649 877 708 mir

190 727 267 790 rifice
279 731 369 790 etiam
381 725 590 800 abstinentem,
606 729 670 788 misi
681 730 710 786 in
721 725 875 821 Cyprum,

190 825 219 870 nt
235 809 276 870 ibi
292 809 436 890 pauculos
454 807 517 870 dier
538 805 635 879 esset·,
656 827 693 867 ne
713 827 790 870 cives
809 807 877 870 Ro·

189 889 455 1052 turritis}
470 885 876 1030 urserunt

162 1039 165 1048 ¹
190 1049 321 1132 Cyprios
329 1071 392 1110 non
402 1051 481 1110 licet.
497 1047 560 1129 lpse
574 1051 604 1108 in
616 1048 718 1110 Asiam
728 1046 876 1128 profetlus

190 1129 248 1192 lum
257 1129 353 1192 Tarso
362 1128 456 1190 Nonis
470 1127 623 1201 Ianuariis;
638 1151 697 1189 non
708 1130 876 1192 mehercule

191 1212 246 1272 dici
262 1209 380 1292 potest,
399 1211 457 1290 qua
471 1210 659 1271 admiratione
676 1208 786 1272 Ciliriae
800 1213 876 1272 civi·

189 1309 276 1352 tatum
297 1337 311 1366 ,
334 1289 520 1370 maximeque
550 1287 742 1351 Tarsensium.
773 1289 874 1354 Postea

190 1375 257 1434 verb
274 1369 368 1452 quam
382 1368 511 1430 Taurum
527 1370 707 1452 transgressus
720 1370 801 1444 sum,
817 1375 874 1432 mi-

191 1451 263 1512 rifica
281 1449 462 1533 exspellatio
484 1449 561 1510 Asiae
583 1449 739 1511 nostrarum
764 1449 875 1513 dioece-

190 1535 277 1674 im’
291 1529 425 1672 nagge
437 1531 788 1672 lilllssissml‘llli
802 1533 873 1672 iul'

189 1631 514 1776 plilrtnrllavliaderallellludl
536 1656 633 1752 auteln
650 1631 765 1772 lemqprls
784 1634 874 1774 qullr:

187 1778 265 1836 :attis
283 1793 353 1834 ante
374 1792 422 1831 me
441 1770 535 1832 fuerat
553 1774 583 1832 in
603 1773 660 1832 hoc
678 1770 810 1853 quaestu:
831 1777 874 1834 ci·

188 1857 287 1916 vitares
310 1853 493 1932 locupletes,
517 1872 554 1912 ne
574 1855 602 1913 in
627 1854 745 1914 hiberna
764 1856 872 1917 milites

187 1939 369 2018 reciperent,
387 1953 504 2014 magnus
517 1935 651 2013 pecunias
666 1936 771 1996 dabant
786 1956 793 1994 ι
809 1935 872 2016 Cy-

189 2019 239 2096 prii
246 2016 359 2076 talenta
368 2013 465 2074 Attica
481 2032 523 2073 cc
540 2035 548 2085 ;
566 2035 622 2094 qua
635 2036 672 2075 ex
685 2016 773 2076 insula
784 2013 798 2096 (
809 2037 869 2076 non

192 2095 360 2174 ὒιηῖολικός
372 2139 382 2167 ,
396 2093 444 2154 sed
461 2096 609 2154 verissime
630 2096 759 2175 loquor)
780 2117 871 2154 num-

195 2193 254 2234 mus
272 2175 366 2236 nullus
385 2194 431 2234 me
457 2173 606 2235 obtinente
623 2177 796 2257 erogabitur.
816 2173 869 2236 Ob

193 2253 249 2314 ltaec
267 2253 433 2330 beneficia,
450 2254 552 2334 quibus
578 2256 620 2314 illi
641 2254 844 2335 obstupescunt
859 2271 872 2330 ,'

186 2335 278 2396 nullos
293 2336 423 2396 honores
441 2335 527 2410 mihi,
545 2338 599 2394 nisi
618 2337 796 2409 verborum,
820 2335 870 2397 de·

187 2419 263 2476 cerni
275 2417 341 2477 sino
357 2437 366 2488 ;
382 2415 506 2487 statuas,
526 2414 613 2488 fana,
631 2419 758 2495 ritum
773 2418 868 2496 prohi-

185 2495 243 2558 beo
262 2515 341 2558 :nec
357 2496 420 2556 sum
434 2498 464 2554 in
482 2496 539 2554 ulla
557 2517 586 2557 re
606 2497 660 2555 alia
677 2496 812 2558 molestus
828 2500 867 2568 cis·

185 2575 319 2638 vitatibus
342 2598 351 2651 ;
370 2576 419 2637 sed
432 2574 546 2636 fortasse
566 2577 638 2651 ribi,
656 2579 777 2657 quihaec
791 2601 867 2661 prae·
885 2647 888 2652 ,

187 2657 279 2720 dicem
299 2658 338 2719 de
358 2677 433 2718 me:
453 2657 570 2736 perfer,
592 2660 616 2717 si
642 2679 785 2721 meamus
807 2681 866 2723 :tu

186 2740 261 2798 enim
275 2759 325 2799 me
343 2739 405 2798 haec
417 2735 512 2798 facere
526 2737 647 2798 voluisti.
660 2738 717 2800 Irer
725 2744 809 2824 igitur
825 2746 866 2803 ita

185 2839 236 2958 Π
252 2817 355 2879 Asiam
378 2817 455 2890 feci,
472 2836 505 2878 ut
522 2821 608 2879 etiam
625 2820 733 2896 fames,
752 2823 809 2902 qui
821 2825 866 2879 ni-

205 2901 212 2914 '
241 2898 370 2960 miserius
385 2897 427 2959 est
439 2943 449 2970 ,
462 2921 526 2980 qure
537 2919 598 2961 turn
616 2904 717 2961 eratin
736 2903 788 2960 hac
800 2919 866 2959 mea

185 2977 255 3042 Asir
275 2979 290 3063 (
309 2982 413 3042 mesris
443 2982 521 3042 enim
534 2982 621 3042 nulla
647 2980 768 3119 fuerat)
796 2980 866 3040 mihi

723 3082 742 3137 ¹]
