2117 3984
343 475 384 549 'A
400 499 424 551 r
442 500 499 551 rr
516 503 538 553 c
555 501 627 553 un.
789 509 831 579 ¹7

139 615 218 735 ptam
232 614 307 657 eum
324 597 470 677 praecipue
489 597 590 659 dilexit
606 595 729 675 Cicero,
745 620 776 661 ut
789 623 830 664 ne

149 695 216 737 rater
230 675 360 758 quidem
380 679 408 737 ei
423 677 555 816 (punitus
573 682 664 739 carior
678 678 761 742 fuerit
778 699 830 744 aut

138 756 317 818 familiarior.
339 753 374 816 Ei
387 760 427 818 rei
453 777 505 818 unt
523 758 630 819 indicio
642 803 652 831 ,
662 780 763 839 praeter
774 782 827 825 eos

136 837 247 911 libros,
263 841 295 897 in
316 838 422 918 quibus
439 838 476 899 de
498 859 536 899 eo
548 838 617 898 facit
630 844 827 917 mentionem,

137 920 186 999 qui
209 920 240 977 iu
265 916 373 999 vulgus
398 914 459 996 jam
484 917 548 978 sunt
570 919 662 992 editi,
683 920 827 984 sexdecim

88 1059 91 1066 ,
138 998 291 1059 volumina
309 996 518 1078 epistolatum,
534 997 570 1057 ab
589 999 738 1061 consulatu
765 1000 827 1082 ejus

140 1076 285 1158 usquead
308 1095 474 1139 extremum
498 1096 613 1158 tempus
636 1080 672 1141 ad
696 1081 830 1144 Atticum

139 1157 285 1219 missarum
307 1180 317 1231 ;
337 1180 403 1238 quae
422 1162 473 1239 qui
490 1160 591 1239 legat,
615 1181 674 1219 non
704 1162 827 1224 multum

141 1238 285 1320 desideret
295 1237 444 1300 historiam
455 1256 620 1298 contextam
630 1240 745 1300 iliorum
756 1260 828 1303 tem·

139 1340 255 1400 porum.
276 1316 326 1379 Sic
350 1322 429 1379 enim
450 1321 551 1379 omnia
577 1318 614 1379 de
631 1318 728 1380 studiis
750 1327 829 1401 ptin-

138 1403 259 1479 cipum,
284 1400 364 1459 vitiis
389 1400 522 1471 ducum,
544 1402 750 1460 mutationibus
770 1405 827 1462 rei·

140 1480 263 1561 publicae
277 1478 435 1561 perscripta
446 1479 509 1540 sunt
522 1524 533 1551 ,
549 1498 580 1539 ut
592 1481 663 1540 nihil
674 1483 704 1539 in
722 1484 755 1540 iis
767 1503 828 1541 uon

139 1578 303 1641 appareat,
324 1558 451 1620 &facile
471 1558 624 1620 existimari
634 1556 741 1639 possit,
758 1581 829 1639 pru·

142 1641 276 1699 dentiam
297 1640 514 1722 quodammodo
533 1637 589 1699 effe
608 1639 828 1705 divinationem.

142 1718 214 1781 Non
233 1722 311 1781 enim
330 1717 439 1782 Cicero
460 1742 494 1781 ea
516 1719 633 1794 solum,
657 1742 722 1802 quae
751 1725 823 1783 vivo

140 1800 169 1862 se
188 1800 373 1874 acciderunt,
394 1801 488 1862 sutura
506 1801 654 1880 predixit,
674 1800 825 1864 sedetiam

140 1903 201 1964 quae
220 1904 299 1941 nunc
318 1881 368 1941 usu
384 1886 523 1955 veniunt,
542 1883 644 1940 cecinit
661 1899 692 1939 ut
705 1900 797 1943 vates.

178 1960 280 2024 XVII.
308 1960 360 2021 De
382 1965 489 2041 pietate
520 1979 617 2021 autern
642 1961 731 2022 Attici
755 1962 825 2041 quid

142 2044 223 2122 plura
248 2062 483 2102 commemorem
505 2040 515 2099 ?
537 2062 626 2120 quum
655 2041 713 2100 hoc
736 2042 827 2122 ipsum

143 2124 215 2182 vere
231 2122 403 2205 gioriantem
427 2121 566 2183 audierim
590 2123 618 2179 in
639 2119 740 2182 sunere
765 2144 827 2181 ma·

147 2204 195 2260 tris
215 2200 288 2274 suae,
301 2223 385 2282 quam
402 2202 504 2261 extulit
521 2221 663 2259 annorum
681 2206 827 2281 nonagin-

144 2296 191 2355 ta,
213 2301 302 2362 quum
315 2280 383 2343 esset
399 2281 458 2361 ipse
478 2280 592 2359 septem
613 2280 645 2337 δι
661 2278 827 2359 sexaginta,

139 2361 164 2440 se
186 2385 332 2441 numquam
358 2384 419 2422 cum
442 2380 526 2422 matre
545 2360 708 2440 ingratiam
726 2359 826 2438 rediis-

141 2444 190 2520 se,
207 2466 355 2523 numquam
375 2465 435 2503 cum
452 2442 544 2521 fhrore
555 2438 636 2519 fitiffe
654 2443 684 2499 in
698 2442 830 2517 fimulta-

148 2540 185 2595 te,
206 2546 294 2604 quam
315 2524 411 2605 prope
428 2521 569 2601 aequalem
583 2518 707 2579 habebat
726 2522 829 2601 :quod

149 2600 179 2662 tst
197 2603 329 2686 signum,
349 2621 398 2662 aut
414 2603 521 2661 nullam
532 2621 667 2681 umquam
683 2602 756 2660 inter
774 2622 827 2662 eos

149 2686 352 2759 querimoniam
378 2679 584 2754 intercessisse,
612 2698 659 2739 aut
688 2682 762 2742 hunc
792 2688 826 2745 ed

150 2760 213 2824 tutte
225 2768 252 2824 in
265 2764 334 2825 suos
354 2762 534 2844 indulgentii
547 2807 557 2834 ,
578 2779 628 2835 ut,
642 2782 716 2842 quos
728 2782 825 2822 amare

102 2867 112 2962 p
151 2842 281 2918 deberet,
300 2842 381 2904 irasci
401 2845 443 2904 eis
468 2841 549 2902 nefas
572 2841 699 2903 duceret.
719 2841 825 2922 Neque

151 2923 172 2980 id
183 2924 248 2986 fecit
273 2926 379 2986 narut‘a
398 2924 512 2995 solum,
528 2943 700 3002 quamquam
723 2941 827 2984 omnes

108 2965 120 3116 i
153 3006 171 3066 ti
186 3027 338 3090 paremus,
355 3005 407 3069 sed
427 3005 515 3067 etiam
537 3002 665 3066 doctrina
682 3022 690 3064 t
709 3022 775 3063 nam
794 3002 825 3065 ὅ(
