2117 3984
256 493 327 572 304
445 472 746 546 Enrsrora
835 531 911 542 .,

253 609 323 650 num
337 585 446 660 officii,
462 584 615 646 studiosum
633 589 719 646 etiam
736 604 810 646 meae
824 583 938 660 laudis,

253 668 328 751 frugi
349 670 525 737 hominem,
550 686 608 739 ac,
631 686 668 725 ne
688 665 853 725 libertinum
871 668 937 727 lau-

249 749 323 808 dare
343 749 466 819 videar,
485 746 569 825 pland
592 748 687 805 vitum
705 746 827 804 bonum.
845 747 938 806 Pom-

276 832 356 888 eium
370 827 430 890 vidi
445 845 481 886 lv
495 824 538 884 ld.
553 824 750 885 Decembres:
763 824 872 886 fuimus
881 826 938 888 und

253 848 341 968 doras
364 908 440 967 duas'
455 903 589 964 sortasse:
614 907 719 987 magnai
741 905 842 966 laeriria
869 908 939 968 mihi

255 988 333 1048 visus
346 986 386 1047 est
396 984 469 1045 affici
486 1004 554 1044 meo
569 986 715 1045 adventu:
734 985 770 1048 de
790 987 939 1067 triumpho

256 1067 391 1139 hortari,
414 1064 552 1143 suscipere
573 1083 668 1143 partes
689 1065 772 1138 suas3
794 1087 941 1142 monere,

256 1168 295 1210 ne
305 1148 370 1206 anie
381 1149 411 1213 in
422 1145 550 1214 senatum
565 1145 753 1218 accederem,
767 1146 858 1225 qulam
875 1166 941 1208 rem

258 1225 470 1297 confecissem3
496 1245 534 1285 ne
561 1225 688 1284 dicendis
708 1224 857 1285 sententiis
885 1226 941 1286 ali·

257 1327 350 1388 quem
365 1308 511 1366 tribunum
525 1306 688 1365 alienarem.
709 1304 795 1382 Quid
813 1303 941 1386 quaeris?

257 1387 288 1448 in
311 1388 367 1446 hoc
390 1385 488 1446 officio
508 1384 645 1445 sermonis
669 1384 740 1444 nihil
763 1388 862 1465 potuit
884 1383 942 1450 effe

282 1469 407 1527 rolixius.
426 1466 475 1526 De
493 1466 639 1545 republica
658 1482 753 1524 autem
769 1468 809 1526 ita
824 1485 943 1528 mecum

258 1487 374 1608 foturus
387 1545 444 1620 est,
462 1549 543 1626 quasi
556 1566 616 1604 non
631 1544 749 1604 dubium
765 1545 877 1608 bellum
892 1548 945 1606 ha·

254 1626 413 1689 heremus:
433 1627 501 1685 nihil
514 1626 549 1685 ad
564 1624 643 1705 spem
655 1625 839 1685 concordiae:
856 1627 945 1708 plan!

259 1707 341 1768 illum
363 1707 399 1766 ab
420 1705 448 1775 se
466 1707 641 1777 alienatum,
663 1726 752 1786 quum
771 1707 838 1765 antd
855 1707 946 1768 intel·

258 1786 381 1867 ligerer,
401 1804 462 1845 tum
479 1786 552 1846 vero
567 1788 700 1865 proxime
718 1782 872 1861 judicasse:
888 1806 946 1850 ve·

259 1865 328 1926 niffe
348 1866 476 1924 Hirtium
497 1887 512 1923 a
532 1863 667 1937 Caesare,
687 1867 736 1945 qui
751 1864 878 1928 effetilli
895 1866 945 1927 fa-

259 1946 485 2017 miliarissimus;
504 1944 541 2002 ad
559 1942 590 2019 se⁸
608 1964 667 2003 non
689 1942 835 2004 accessisse
845 1965 858 2006 ,ε
881 1946 914 2006 &
933 1985 945 2021 ,

262 2043 351 2104 quum
369 2024 416 2084 ille
441 2046 467 2083 a.
488 2024 517 2083 d.
537 2041 601 2082 v111
621 2022 688 2083 ldus
710 2022 858 2088 Decemb.
874 2024 946 2088 ves·

261 2108 324 2184 peri
346 2102 484 2176 venisset,
503 2103 609 2162 Balbus
633 2104 669 2163 de
695 2121 757 2163 tota
778 2126 810 2165 re
831 2105 945 2166 conili-

261 2184 354 2246 tuisset
373 2207 399 2244 a.
416 2185 444 2244 d.
460 2202 511 2243 vu
528 2184 564 2242 ad
580 2183 746 2263 Scipionem
763 2201 829 2248 ante
848 2186 946 2247 lucem

262 2281 294 2325 ut
314 2268 444 2335 veniret;
462 2265 553 2323 multi
574 2264 609 2323 de
628 2264 712 2325 nodie
731 2284 799 2323 eum
821 2265 946 2345 prosec-

261 2361 323 2416 tum
338 2344 394 2405 effe
409 2344 445 2404 ad
464 2342 618 2403 Caesarem.
636 2344 703 2403 Hoc
719 2345 759 2402 illi
773 2344 947 2424 τιιμηςιόὶκ

261 2425 412 2484 videbatur
430 2422 485 2483 esse
509 2424 701 2490 alienationis.
717 2424 801 2502 Quid
820 2425 914 2484 multa
933 2422 946 2488 ἒ

261 2505 332 2562 nihil
345 2524 391 2563 me
404 2504 480 2562 aliud
495 2502 656 2563 consolatur
667 2549 676 2577 ,
687 2506 741 2562 nisi
755 2503 835 2583 qubd
847 2504 948 2576 illum,

263 2585 309 2641 cui
320 2587 406 2643 etiam
416 2586 527 2643 inimici
536 2585 656 2643 alterum
669 2581 847 2643 confulatum
859 2581 946 2657 ,sor-

262 2679 332 2722 tuna
347 2663 487 2724 summam
503 2668 662 2743 potentiam
676 2663 809 2734 dederit,
825 2685 887 2723 non
903 2683 950 2730 ar·

261 2742 351 2802 bitror
369 2744 431 2803 fore
449 2763 511 2803 tam
527 2762 693 2816 amentem,
714 2760 746 2803 ut
761 2744 823 2802 haec
837 2746 868 2802 in
884 2741 947 2804 dis-

263 2825 372 2883 crimen
392 2823 525 2882 adducat.
544 2820 678 2898 Quodsi
696 2843 778 2883 ruere
801 2826 951 2903 coeperit,

261 2924 307 2960 nae
321 2924 378 2984 ego
389 2903 479 2961 multa
492 2904 581 2960 timeo
595 2946 604 2973 ,
621 2924 684 2982 quae
696 2924 757 2962 non
770 2903 867 2963 audeo
881 2902 951 2962 scri·

263 2983 344 3042 bere.
371 2980 452 3052 Sed,
468 2997 500 3039 ut
518 3002 594 3040 nunc
610 2981 674 3057 est,
691 3005 717 3052 a.
739 2983 769 3046 d.
786 3001 826 3043 lu
843 2981 952 3051 Nonas

265 3062 329 3127 Jan.
346 3061 382 3122 ad
398 3061 499 3126 urbem
512 3064 622 3143 cogito.
