2117 3984
351 472 682 547 Arrzcum·
809 494 835 572 9

139 591 217 653 nulla
237 606 313 652 erat.
337 590 411 653 Non
428 592 521 653 solum
544 590 607 671 ejus
628 589 763 665 inimici,
786 592 837 674 qui

139 692 204 734 tum
230 691 317 733 erant
347 672 537 755 potentissimi
559 675 593 733 &
623 676 760 756 plurimi,
782 673 835 735 sed

139 758 228 814 etiam
249 756 341 813 amici
370 752 538 815 adversariis
562 752 624 831 ejus
645 756 674 815 ie
696 756 835 829 dabant3

138 831 174 895 &
196 838 226 893 in
247 854 287 895 eo
310 834 445 895 laedendo
467 836 495 894 se
517 834 643 913 aliquam
663 835 836 897 consecutu-

140 936 194 973 ros
215 913 369 994 sperabant
385 915 651 976 commoditatem:
670 914 733 993 ejus
750 917 834 976 fami·

140 995 226 1055 liares
234 994 478 1076 insequebantur,
490 1015 613 1056 uxorem
623 994 755 1055 Fulviam
765 1018 832 1057 om·

143 1074 228 1134 nibus
259 1078 348 1136 rebus
375 1075 495 1156 spoliare
524 1077 703 1156 cupiebant,
723 1078 833 1139 liberos

143 1158 233 1215 etiam
250 1154 432 1237 exstinguere
473 1158 602 1217 arabant.

180 1234 301 1296 Atticus
326 1257 415 1318 quum
442 1179 595 1297 &cetenis
619 1236 720 1296 intimi
746 1236 831 1299 fami·

140 1316 272 1395 lieritate·
292 1334 438 1391 uteretur,
462 1316 644 1377 amiciffimus
669 1314 738 1377 effet
759 1318 834 1379 Bru·

141 1414 198 1471 to,
215 1418 278 1458 non
301 1399 394 1457 modi>
407 1398 475 1457 nihil
492 1401 525 1457 iis
541 1396 656 1457 indulsit
679 1397 716 1458 ad
730 1396 830 1457 Anto·

142 1480 223 1538 nium
239 1478 434 1552 violandum,
450 1477 500 1539 sed
513 1498 529 1538 e
542 1478 689 1539 contrario
708 1476 834 1538 familia·

142 1578 190 1619 res
213 1555 275 1635 eius
290 1578 328 1619 ex
352 1558 423 1619 urbe
447 1557 669 1640 profugientes,
690 1577 831 1637 quantum

144 1641 265 1719 potuit,
284 1642 357 1701 texit
377 1642 505 1721 ,quibus
522 1640 608 1698 rebus
625 1638 830 1720 indiguerunt,

148 1717 268 1797 adjuvit.
289 1717 324 1781 P.
342 1722 414 1781 vero
432 1719 598 1779 Volumnio
614 1737 649 1779 ea
667 1720 783 1791 tribuit,
796 1736 829 1780 ut

143 1800 226 1939 flora
245 1821 261 1859 a
281 1816 402 1880 parente
426 1798 569 1879 proficisci
587 1820 648 1859 non
670 1803 831 1879 potuerint.

157 1877 196 1961 pst
211 1896 311 1941 autem
327 1880 457 1955 Fulviae,
479 1901 569 1960 quum
594 1880 688 1938 litibus
710 1879 831 1942 distine-

145 1979 249 2036 retur,
274 1959 441 2044 magnisque
468 1960 627 2021 terroribus
649 1978 830 2035 vexaretur,

147 2041 223 2101 tanti
239 2041 289 2102 dili
309 2042 387 2102 entia
400 2038 527 2101 officium
545 2042 626 2100 suum
640 2038 765 2120 praestitit
777 2058 831 2115 ,ut

147 2062 324 2182 multamilia
349 2120 448 2182 stiterit
469 2121 670 2183 vadimonium
689 2118 748 2181 sme
771 2121 830 2181 At·

150 2203 228 2275 tic0;
249 2202 295 2263 hic
317 2200 438 2283 sponsor
459 2205 590 2261 omnium
614 2220 710 2260 rerum
731 2200 832 2262 fuerit.

149 2280 230 2362 Quin
249 2283 356 2356 etiam,
377 2303 466 2363 quum
491 2284 540 2341 illa
561 2281 683 2340 fundum
706 2279 832 2341 secunda

148 2361 261 2424 fortuni
282 2360 394 2424 emisset
407 2366 439 2422 in
459 2361 558 2436 diem,
578 2380 673 2441 neque
687 2359 759 2499 gost
782 2382 833 2421 ca·

149 2442 304 2505 imitatem
318 2442 464 2504 versuram
483 2442 581 2504 facere
602 2442 685 2522 potui
709 2460 759 2515 et,
780 2441 833 2503 ille

149 2522 174 2586 se
183 2523 375 2607 interposuit,
394 2526 603 2605 pecuniamque
621 2521 680 2580 fine
694 2520 832 2599 foenore,

150 2603 264 2687 sineque
284 2605 344 2666 ulla
360 2602 542 2686 stipulatione
561 2606 590 2665 ei
607 2602 728 2663 credidit
743 2624 753 2677 3
767 2625 833 2664 ma·

149 2687 255 2746 ximum
285 2684 448 2747 existimans
474 2682 611 2767 quaestum
631 2728 642 2757 ,
665 2703 841 2746 memorem.

257 2829 261 2836 ,
280 2786 318 2827 ue
346 2764 507 2849 cognosci,
530 2764 667 2845 simulque
693 2769 834 2845 aperire,

254 2786 410 2921 ionum,
428 2847 478 2907 sed
491 2847 657 2906 hominibus
670 2843 762 2907 solere
775 2843 834 2907 effe

273 2997 276 3002 Ι
303 2925 381 3006 Quae
396 2949 484 3010 quum
498 2927 642 3000 faciebat,
660 2947 749 2987 nemo
763 2946 833 2998 eum

310 2999 396 3076 causi
410 3007 508 3071 facere
524 3026 638 3091 poterat
644 3006 834 3144 [quissimaret

694 3108 714 3150 v

978 3023 984 3068 i

980 3076 984 3104 i
