2117 3984
176 512 198 581 6
299 510 509 583 Coranum
529 506 722 575 Nrsr’ons

175 622 236 685 sent
258 641 289 683 er
307 624 485 702 optimarum
511 626 635 705 partium
657 624 690 685 &
715 622 805 697 esset,
830 622 864 685 &

176 706 223 764 erri
245 705 385 801 imeretur
405 724 423 800 3.
435 724 531 785 neque
557 703 706 766 tamense
733 705 865 801 civilibus

167 780 863 946 llllsssslsllllallllllfflmlll‘l

178 944 343 1018 dedissent,
366 946 453 1025 quim
478 947 527 1027 qui
546 947 694 1005 maritimis
719 945 865 1026 jastaren·

177 1043 233 1087 rur.
254 1028 393 1087 Honores
416 1045 477 1085 non
498 1028 607 1106 petiit,
624 1045 713 1107 quum
734 1029 761 1086 ei
780 1045 866 1107 pate·

176 1125 265 1182 rent,
282 1120 401 1186 propter
413 1106 463 1168 vel
475 1109 597 1187 gratiam
612 1108 662 1167 vel
676 1106 864 1189 dignitatern3

178 1188 261 1269 qubd
277 1205 374 1267 neque
391 1189 452 1268 peti
470 1206 554 1247 more
575 1185 744 1266 majorum,
767 1208 864 1269 neque

177 1270 243 1347 capi
257 1264 389 1349 pollent,
408 1266 585 1327 conservatis
603 1269 736 1349 legibus,
756 1271 785 1327 in
802 1288 863 1327 tam

180 1346 275 1409 ellusrs
297 1346 420 1407 ambitus
436 1348 658 1429 largitionibus,
684 1368 780 1430 neque
804 1351 866 1431 geri

170 1447 199 1489 ·e
219 1429 366 1510 republica
387 1426 447 1492 sine
464 1428 615 1510 periculo,
633 1432 773 1511 corruptis
796 1432 867 1490 civi-

180 1512 247 1571 tatis
263 1510 404 1571 moribus.

224 1591 274 1651 Ad
295 1590 402 1651 hallam
419 1590 566 1670 publicam
585 1610 744 1672 numquam
769 1588 866 1652 acces·

181 1668 226 1731 fit.
247 1669 360 1729 Nullius
379 1672 423 1730 rei
440 1689 537 1750 neque
553 1691 646 1749 praes,
664 1691 761 1751 neque
781 1692 867 1731 man·

182 1771 253 1831 ceps
270 1749 360 1810 fadus
379 1748 429 1810 ell.
453 1748 611 1809 Neminem
633 1770 671 1810 ne
713 1768 729 1809 e
745 1750 796 1810 suo
810 1774 867 1811 no·

181 1834 261 1891 mine
275 1874 285 1904 ,
306 1849 401 1911 neque
421 1827 596 1889 subscribens
608 1850 676 1888 atcu
689 1831 759 1890 avit.
772 1830 807 1890 In
821 1832 867 1908 jus

182 1911 222 1970 de
242 1910 290 1970 sua
305 1930 338 1970 re
353 1930 511 1989 numquam
528 1911 560 1967 iit
575 1930 584 1980 ;
601 1907 738 1987 judicium
756 1914 866 1971 nullum

182 1990 292 2051 habuit.
318 1990 481 2051 Multorum
504 1989 675 2065 consulum,
694 2010 869 2071 praetorum·

182 2090 241 2153 que
255 2070 435 2153 praefedluras
454 2070 562 2131 delatas
580 2068 618 2130 stc
629 2074 740 2153 accepit
750 2118 760 2147 ,
772 2091 804 2133 ut
818 2094 871 2133 ne·

182 2154 294 2214 minem
311 2155 340 2212 in
358 2152 540 2233 provinciam
554 2149 589 2212 sit
607 2151 737 2226 secutus,
752 2154 868 2217 honore

183 2232 270 2295 fuerit
284 2251 454 2307 contentus,
478 2236 521 2294 rei
541 2231 687 2295 familiaris
707 2232 870 2314 despexerit

183 2313 317 2376 studium.
335 2314 403 2393 Qui
418 2334 458 2373 ne
482 2334 549 2372 cum
574 2313 619 2391 Q.
637 2312 756 2393 quidem
775 2313 868 2373 Cice-

185 2416 260 2456 rone
274 2396 401 2457 voluerit
418 2396 460 2453 ire
481 2394 511 2449 in
536 2389 655 2465 Asiam,
675 2412 765 2473 quum
790 2396 868 2474 apud

178 2494 254 2537 eum
272 2476 361 2557 legati
387 2475 485 2533 locum
509 2471 642 2532 obtinere
662 2468 765 2554 pollet.
795 2472 868 2535 Non

186 2558 265 2616 enim
281 2556 386 2616 decere
405 2554 434 2613 se
454 2553 662 2625 arbitrabatur,
678 2572 767 2633 quum
788 2575 867 2636 prae-

184 2654 279 2697 turam
295 2654 397 2716 gerere
411 2631 562 2706 noluiffet,
578 2630 709 2693 asseclam
725 2630 781 2693 elle
793 2655 868 2714 prae·

185 2720 268 2778 roris.
300 2715 370 2797 Qua
399 2720 428 2774 in
456 2733 487 2773 re
519 2734 582 2774 non
611 2713 704 2772 solum
735 2713 868 2796 dignitati

185 2796 345 2870 serviebat,
367 2794 524 2855 sedetiam
542 2794 757 2874 tranquillitati,
780 2818 868 2878 quum

180 2878 359 2958 ¹suspiciones
401 2895 519 2957 quoque
562 2876 666 2935 vitaret
708 2877 871 2946 criminum.

187 2958 261 3037 Quo
285 2958 400 3032 fiebat,
425 2974 457 3017 ut
479 2956 542 3036 ejus
569 2955 750 3017 observantia
775 2967 871 3022 omni·

187 3040 242 3101 bus
274 3039 344 3103 ellet
378 3038 495 3112 carior,
525 3058 614 3121 quum
644 3057 709 3100 eant
743 3038 871 3120 officio,
