2117 3984
654 313 679 346 ἱ

209 487 319 556 tta.
388 463 769 540 Eris-roam„

204 582 300 642 tiones
310 593 366 638 tua
383 575 490 652 :simul
508 573 540 636 δι
555 575 658 648 vides,
678 593 750 656 quas
761 585 890 658 accepti

203 664 259 738 rim
278 659 399 720 litteras.
418 655 497 734 Nam
517 676 587 737 quas
618 656 764 728 Hermoni
785 675 889 724 cerame.

204 740 294 800 rionis
314 735 445 800 Camulae
463 733 521 816 ipse
536 735 632 810 scribis¹
645 753 674 798 te
687 733 816 812 dedisse‚·
830 759 890 800 non

204 821 317 900 accepi.
337 817 420 880 Lenii
435 820 529 898 pueris
546 835 574 876 te
586 815 691 878 dedisse
708 815 783 897 sape
796 817 889 880 adme

102 962 105 969 ,
204 897 354 981 scripseras
374 918 443 958 :eas
458 895 612 957 Laodiceae
633 896 782 978 denique,
801 917 888 980 quum

206 981 244 1042 eb
261 977 422 1052 venissem,
448 994 489 1036 ιιι
512 975 555 1035 Id.
582 976 667 1038 Febr.
693 975 802 1038 Lenius
822 979 889 1040 mihi

204 1060 352 1134 reddidit,
372 1058 451 1122 datas
470 1079 496 1118 a.
510 1056 540 1118 d.
552 1075 575 1116 x
590 1054 826 1120 Katottobres.
837 1057 890 1136 Lei

204 1144 256 1202 nio
277 1160 339 1202 tuas
360 1138 628 1200 commendationes
649 1138 683 1210 ὃ(
709 1136 804 1198 statim
823 1151 889 1208 veri

205 1219 272 1294 bis,
289 1221 323 1281 δι
341 1219 452 1300 reliquo
470 1235 603 1298 tempore
622 1238 653 1278 re
673 1218 817 1298 probabo.
836 1217 888 1288 Ha

203 1302 307 1362 litterae
327 1317 423 1361 cetera
431 1317 536 1358 ¹vetera
548 1299 692 1359 habebant
705 1342 715 1371 ,
732 1319 824 1368 unum
833 1299 888 1366 hoc

205 1402 338 1455 novum,
357 1381 394 1441 de
414 1376 562 1460 Cybitatis
579 1379 736 1459 pantheris.
762 1378 889 1452 Mulmnt

206 1480 237 1524 te
256 1484 347 1536 amo,
369 1459 450 1541 quod
476 1458 524 1520 res
561 1458 641 1520 ndisti
671 1458 717 1518 Μ.
739 1457 888 1534 Οέἶινὶο,

206 1559 238 1604 te
257 1565 318 1604 non
339 1559 439 1622 putare
458 1540 510 1600 :se
551 1539 668 1620 posthac
685 1541 807 1618 omnia,
828 1561 900 1622 quaa¹

208 1641 288 1684 certa
305 1643 366 1682 non
384 1638 486 1695 erunt,
505 1642 558 1702 pro
577 1638 657 1682 certo
681 1636 817 1701 negato:
836 1641 889 1682 nos

208 1706 289 1763 enim
300 1703 332 1763 δι
345 1699 442 1776 nostris
458 1699 559 1780 sponte
578 1702 652 1762 bene
672 1698 772 1771 firmi,
786 1701 817 1762 &
829 1721 892 1762 me·

207 1781 326 1844 hercule
348 1781 513 1842 auctoritate
540 1782 588 1841 tud
607 1781 798 1856 inflammati,
814 1783 891 1850 viei-

208 1882 273 1922 mus
292 1882 395 1921 omnes
413 1859 494 1941 (hoc
514 1877 546 1920 tu
566 1865 606 1920 ita
630 1882 660 1922 re
682 1859 780 1942 eries)
803 1865 891 1944 quum

209 1939 401 2014 abstinendi,
422 1958 483 1999 tum
502 1937 631 2018 justitiis,
678 1942 784 2004 cilitate
794 1986 806 2017 ‚
829 1943 892 2010 cle·

209 2022 328 2082 mentid.
354 2019 436 2081 Cave
460 2039 543 2100 putes
572 2022 729 2103 quidquam
754 2022 890 2088 homines

210 2105 299 2184 magis
315 2122 452 2183 umquam
465 2100 521 2162 effe
532 2104 667 2177 miratos,
684 2101 772 2183 quiam
784 2103 893 2164 mallum

211 2186 398 2255 termnum,
424 2203 471 2244 me
501 2183 650 2246 obtinente
681 2185 894 2261 provinciam,

212 2264 340 2345 sompnis
350 2262 454 2324 fadum
467 2260 546 2337 effe,
561 2283 614 2323 nec
626 2264 656 2322 in
668 2264 893 2344 rempublicam,

212 2366 267 2406 nec
284 2348 314 2404 in
337 2364 511 2425 quemquam
527 2364 659 2404 meorum
676 2388 685 2416 ,
704 2362 894 2425 praeterquam

211 2427 242 2485 in
256 2425 289 2486 L.
300 2424 430 2486 Tullium
440 2425 565 2565 leqatum
576 2445 583 2482 :
597 2427 638 2497 is,
649 2427 799 2504 ceteroqui
807 2423 894 2490 absti-¹

212 2526 284 2566 nens
298 2505 367 2580 (sed
387 2505 459 2565 Julit
486 2524 547 2587 ege,
555 2507 722 2578 mansitans,
744 2504 834 2566 semel
846 2521 893 2564 ta·

213 2605 283 2648 men
300 2588 330 2644 in
348 2587 443 2658 diem,
455 2607 533 2657 non,
546 2602 578 2643 ut
596 2586 644 2644 alii
660 2584 812 2659 solebant,
823 2601 894 2648 om·-

213 2664 297 2725 nibus
316 2665 411 2746 vicis)
425 2665 492 2724 facit
506 2683 537 2724 ut
548 2665 618 2724 mihi
638 2665 826 2743 excipiendus
842 2667 895 2738 sit3

214 2764 303 2828 quum
327 2746 480 2804 teruntium
503 2764 581 2824 nego
608 2744 735 2825 sumptus
760 2744 894 2806 fadum:

214 2843 317 2907 praeter
338 2844 405 2884 eum
428 2826 538 2903 accepit
558 2844 646 2885 nemo
669 2847 676 2885 :
696 2826 746 2884 has
766 2823 896 2892 anostro

213 2907 258 2985 Q.
276 2904 386 2967 Titinio
404 2903 500 2964 sordes
519 2908 694 2985 accepimus.
712 2903 802 2986 Ego,
825 2903 897 2970 aesti-

211 2989 256 3048 vis
273 2984 426 3060 confodis,
448 2982 595 3066 Quintum
613 2985 734 3054 fratrem
752 2986 893 3060 hibernis,
