2117 3984
226 438 271 531 78
328 440 401 507 Er.
418 455 480 507 AD
503 440 655 508 Arm.
672 438 760 510 ΜΒ.
780 437 811 508 1.

219 572 255 615 ut
269 551 330 633 ejus
345 553 507 617 consulatus
523 573 584 613 non
605 550 767 618 consulatus
784 556 868 629 sit,i

217 633 324 731 Magni
343 634 430 696 nostri
450 633 577 697 ἐπίπαν.
598 630 648 693 De
674 637 748 696 meis
767 633 868 715 scripti

217 717 289 782 ¹misr
313 716 351 775 ad
370 734 399 778 te
424 713 529 778 Graece
550 711 709 794 perfestum
729 715 868 786 consulati

217 815 349 866 meum:
371 817 438 858 eum
462 794 567 856 librum
589 792 630 855 1..
646 792 786 858 Cossinio
810 796 868 860 ded

219 893 297 957 puto
316 895 345 954 te
367 877 474 946 Latinis
495 876 569 946 meis
591 873 746 950 delectam
766 877 833 939 huic
855 899 868 938 a

216 959 283 1018 'tem
295 955 402 1019 Graeco
416 955 697 1024 Graecumiuvidere
711 978 718 1016 :
738 957 786 1018 alii
801 961 826 1028 si
839 955 867 1019 sc

224 1037 353 1118 pserint,
372 1042 518 1106 mittemus
538 1036 575 1096 ad
594 1053 643 1112 te3
665 1036 736 1112 sed,
753 1038 826 1100 mihi
843 1059 868 1101 cr

224 1119 284 1190 de,
306 1120 391 1179 simul
413 1137 500 1200 atque
520 1116 578 1177 hoc
600 1115 728 1177 nostrum
749 1119 868 1202 legerun

222 1199 399 1281 nescioquo
419 1198 503 1281 padio
521 1198 709 1260 retardantur.
734 1195 824 1260 Nunc
846 1197 868 1342 g

224 1279 343 1341 adrem
362 1301 459 1342 ineam
478 1276 625 1361 redeam)
643 1277 676 1339 L.
697 1277 828 1359 Papirius

219 1378 294 1435 nus,
312 1364 358 1423 vir
377 1364 494 1435 bonus,
511 1376 590 1421 amat
645 1380 682 1420 ue
699 1358 799 1422 noster
814 1363 868 1435 ‚ru

223 1440 313 1503 libros
335 1462 409 1517 eos,
424 1462 501 1524 quos
520 1440 618 1503 Seru.=
650 1440 760 1501 laudius
773 1442 868 1523 reliqu

225 1523 363 1585 donavit:
381 1545 470 1605 quum
485 1522 578 1596 mihi,
597 1541 650 1601 per
663 1521 761 1603 legem
776 1520 868 1584 Cinci·

224 1601 313 1665 licere
332 1625 457 1685 capere,
479 1601 599 1663 Cincius
617 1605 724 1662 amicus
743 1619 811 1664 tuus
831 1603 868 1664 dir

223 1702 271 1744 ret
288 1728 297 1755 ‚
318 1684 444 1745 libenter
463 1683 523 1742 dixi
542 1727 551 1755 ‚
580 1702 627 1743 me
654 1700 841 1764 accepturum
859 1727 868 1760 ,

221 1761 378 1823 attuliffet:
399 1783 475 1826 nunc
488 1806 498 1836 ‚
510 1765 541 1821 -si
558 1783 605 1822 me
625 1774 726 1837 amas',
743 1765 768 1824 si
784 1782 847 1832 tea
863 1787 868 1824 1

225 1845 315 1903 amari
334 1842 407 1917 scis,
426 1845 537 1905 enitere
552 1844 751 1924 potamicus,
770 1845 868 1912 clim

222 1922 284 1982 hos
298 1923 352 1983 ites
362 1968 371 1996 ‚
382 1924 502 1986 libertos
509 1923 658 2004 denique,
672 1944 705 1984 ac
716 1923 868 1986 servosnu

220 2021 256 2079 ut
271 1945 376 2066 iiheiu
387 2025 426 2067 ne
440 2027 497 2087 qua
512 2004 668 2085 depereat:
684 2024 752 2066 nam
771 2003 806 2066 δι
821 2003 868 2076 Gr

223 2086 267 2143 cis
286 2084 331 2143 his
349 2085 450 2160 libris,
471 2107 545 2168 quos
562 2083 612 2144 sus
627 2087 709 2159 icor,
732 2084 765 2145 &
780 2084 868 2162 Latia,

224 2184 302 2245 quos
316 2164 374 2227 scio
389 2166 471 2226 illum
488 2166 588 2247 reliqu‘
613 2186 648 2238 e,
665 2166 736 2225 mihi
749 2166 868 2227 nehem«

228 2261 274 2307 ter
292 2267 366 2328 opus
381 2245 440 2307 est:
460 2268 517 2330 ego
535 2265 633 2307 autern
651 2247 781 2324 quotidie
799 2268 868 2332 mag

228 2328 309 2407 quod
322 2328 392 2388 mihi
408 2328 445 2388 de
463 2327 573 2388 forensi
590 2327 688 2386 labore
701 2332 868 2409 temporius

223 2428 294 2480 cur,
312 2410 342 2468 in
362 2410 397 2468 iis
413 2408 511 2469 studiis
531 2406 726 2489 conquiesco:
740 2429 798 2489 per
813 2410 868 2471 mfl

224 2508 303 2568 per,
326 2491 464 2568 inquam,
484 2509 595 2572 gratum
610 2488 716 2549 feceris
731 2533 741 2561 ,
758 2493 785 2549 si
801 2492 832 2549 in
856 2491 868 2551 i

223 2588 289 2628 cam
301 2568 423 2651 diligens
440 2570 547 2643 fueris,
566 2569 653 2649 quim
666 2568 744 2629 doles
758 2572 789 2629 in
801 2569 868 2631 hisi

223 2649 297 2723 bus,
311 2672 381 2731 quas
394 2671 442 2712 me
454 2651 541 2710 valde
552 2651 630 2710 velle
643 2649 801 2722 arbitraris;
813 2652 868 2731 ipsi

223 2750 285 2811 ¹que
299 2729 368 2792 Paeti
379 2731 430 2791 tibi
443 2734 562 2812 negotia
570 2730 751 2790 commendo
763 2775 773 2804 ‚
793 2730 830 2791 de
844 2751 868 2813 cp

225 2813 280 2880 bus
299 2812 351 2871 tibi
372 2811 420 2871 ille
441 2814 500 2893 agit
517 2815 656 2872 maximas
678 2815 809 2893 gratias3
833 2812 866 2873 δι

226 2890 286 2968 jam
307 2890 409 2951 invisas
436 2913 490 2953 nos
508 2938 518 2969 ,
541 2914 602 2954 non
624 2890 717 2956 solum
737 2913 840 2975 rogo,
862 2906 868 2955 1

225 2975 317 3040 etiam
331 2972 447 3034 suadeo,
