2117 3984
263 499 334 571 424
447 465 754 545 Ep'zsrouu
833 519 839 527 -

259 611 375 674 paratus
404 590 473 664 est,
498 609 558 664 ut,
587 591 675 650 etiam
700 590 724 648 si
743 578 867 649 vincere
886 599 943 651 nott
983 607 984 616 ¹

255 678 377 755 possit,
398 693 458 753 quo
478 672 570 732 modo
585 687 684 731 tamen
702 666 764 749 ipse
784 670 862 729 vinci
875 689 944 751 pos·

262 758 299 814 sit
314 776 375 814 non
389 754 516 813 videam.
530 750 595 834 Ego
611 761 708 810 autem
726 767 790 808 non
805 765 862 828 tun
878 763 943 822 qua

259 838 323 898 tata·
349 831 433 912 hujus
453 835 573 904 timeo,
603 830 691 912 qudm
713 831 889 901 παθαιᾶῐιιν.
905 832 940 892 Αἱ

261 912 314 987 pi,
341 920 390 973 uir
412 914 529 989 unguium
549 909 667 983 dudem,
696 910 790 987 inquit
811 915 939 980 mim,

263 989 333 1050 οὗθ’
359 993 399 1050 i'rt
425 992 574 1067 μιμιγμίνα
603 994 731 1061 ἀιάῖιιαις.
760 986 813 1047 Illa
838 985 942 1065 &tipum

264 1069 353 1129 video
368 1068 419 1137 tibi
433 1089 493 1128 non
509 1067 642 1148 probari3
662 1088 726 1148 quae
743 1088 782 1128 ne
798 1065 870 1125 mihi
886 1067 947 1146 qui·-

262 1147 334 1208 dem
356 1148 533 1227 placebant:
555 1147 603 1207 sed
621 1148 766 1209 habebam
785 1149 817 1206 in
839 1146 894 1204 illis
916 1145 947 1204 δι

265 1228 510 1299 occultationem,
525 1228 558 1286 &
573 1232 711 1307 ὅτιςινιάν
727 1225 865 1287 fidelem:
883 1243 947 1305 qu!

261 1310 292 1366 si
313 1309 382 1367 mihi
397 1308 540 1368 Brundisii
557 1305 607 1387 sup
630 1324 727 1381 etant,
745 1305 866 1367 mallent
879 1324 886 1362 :
901 1303 950 1365 sed

265 1388 308 1445 ibi
324 1390 479 1449 occultatio
496 1388 575 1448 nulla
632 1431 639 1445 .
657 1387 772 1447 Verum
786 1405 820 1447 ut
832 1384 949 1458 scribit,

266 1488 357 1548 quum
380 1468 535 1528 scierimus.
558 1465 635 1526 Viris
652 1468 737 1527 honis
755 1487 804 1527 me
822 1484 885 1526 non
902 1467 948 1524 ni-

267 1551 324 1607 mis
339 1548 464 1610 excuso:
509 1568 561 1608 uas
579 1550 657 1607 enim
672 1568 724 1607 eos
741 1568 845 1608 coenas
859 1546 890 1606 δι
904 1543 949 1604 ft-

268 1648 334 1689 cere
348 1630 379 1688 &
393 1630 474 1690 obire
487 1570 598 1709 deripsit
611 1627 648 1686 ad
663 1647 711 1687 me
725 1626 851 1689 Sextus?
865 1624 950 1708 qutun

261 1708 359 1768 lautas
369 1708 381 1767 ?
393 1710 480 1789 quim
491 1706 695 1787 tempestivas?
709 1707 769 1769 Sed
782 1711 841 1768 sint
854 1726 952 1789 quatur

269 1790 314 1847 vis
338 1789 428 1863 boni,
448 1811 507 1848 non
531 1789 594 1847 sunt
613 1790 748 1847 meliores
770 1788 858 1870 qu'dm
877 1805 949 1847 nost

269 1885 424 1927 moverent
440 1889 508 1941 me,
523 1871 547 1927 si
561 1866 649 1928 effent
664 1868 808 1929 fortiores.
828 1865 880 1926 De
897 1867 954 1926 La»

269 1950 380 2006 nuvino
400 1947 530 2018 Phameae
552 1952 666 2019 erravi3
685 1946 845 2024 Troianum
866 1944 953 2005 som·

268 2029 433 2088 niaveram:
452 2028 481 2087 id
496 2048 553 2109 ego
569 2030 650 2088 volui
667 2046 701 2100 Q.
718 2027 767 2087 sed
784 2028 874 2108 pluris
890 2024 951 2085 est:

269 2106 342 2166 istud
363 2127 460 2168 tamen
489 2129 626 2187 cuperem
646 2127 757 2169 emeres
780 2153 790 2183 ,
818 2110 843 2166 si
864 2106 950 2165 ullam

269 2186 351 2267 spem
374 2187 485 2248 fruendi
503 2189 642 2248 viderent.
665 2187 728 2248 Nos
768 2209 811 2247 uae
825 2183 948 2246 monstra

270 2268 399 2347 quotidie
416 2268 629 2349 intelligamus,
643 2289 680 2329 eu
696 2210 880 2338 inducito,
897 2267 949 2345 qui

270 2348 300 2405 in
324 2347 472 2427 epistolam
495 2348 641 2425 conjedus
663 2346 712 2408 est.
732 2346 868 2408 Lentulus
883 2342 953 2405 noi-

270 2444 315 2486 ter
329 2427 453 2488 Puteolis
471 2426 511 2487 est
529 2428 676 2504 adaperuit,
694 2446 727 2488 ut
746 2426 869 2488 Caeicius
885 2445 954 2485 aar·

270 2525 323 2566 rat.
339 2505 422 2585 Quid
437 2530 453 2567 a
473 2507 523 2567 at?
539 2507 669 2584 dtaeipoaeir
684 2506 892 2569 Corfiniensem
905 2524 954 2565 re·

272 2584 408 2646 formidat
430 2529 601 2667 :d'ompeio
623 2609 699 2648 nunc
720 2603 798 2669 putat
818 2583 955 2646 satisfac·

270 2683 332 2724 tum
348 2686 356 2725 t
371 2666 514 2727 beneficio
533 2665 651 2726 Caesaris
667 2685 823 2739 movetut3
842 2666 895 2727 sed
909 2682 955 2725 ta·

271 2765 341 2806 men
365 2766 500 2808 movetur
518 2766 566 2803 ma
585 2750 608 2804 is
630 2748 778 2830 perspeffa
797 2768 840 2808 re.
867 2745 953 2807 Tene

270 2826 333 2885 haec
353 2826 428 2887 ferre
442 2824 546 2905 poffe?
596 2832 675 2889 mnia
692 2830 813 2901 misera3
832 2827 884 2888 sed
898 2828 956 2886 huc

271 2908 342 2971 nihil
358 2907 503 2966 miserius:
525 2905 681 2988 Pompeius
697 2908 756 2969 Cn.
771 2909 908 2991 Magium
918 2908 955 2967 de

272 3007 344 3066 pace
365 2989 442 3050 misit
452 3008 462 3061 5
481 2988 513 3049 &
531 3006 628 3049 tamen
649 3008 831 3073 oppugnatur
848 3010 858 3062 ;
878 2986 959 3069 quod
