<?xml version="1.0" encoding="UTF-8"?>
<!DOCTYPE html PUBLIC "-//W3C//DTD XHTML 1.0 Transitional//EN"
    "http://www.w3.org/TR/xhtml1/DTD/xhtml1-transitional.dtd">
<html xmlns="http://www.w3.org/1999/xhtml" xml:lang="en" lang="en">
 <head>
  <title>
</title>
<meta http-equiv="Content-Type" content="text/html;charset=utf-8" />
  <meta name='ocr-system' content='tesseract 3.04.00' />
  <meta name='ocr-capabilities' content='ocr_page ocr_carea ocr_par ocr_line ocrx_word'/>
</head>
<body>
  <div class='ocr_page' id='page_1' title='image "./mtulliiciceroni03lallgoog_0145.png"; bbox 0 0 2117 3984; ppageno 0'>
   <div class='ocr_carea' id='block_1_1' title="bbox 230 456 744 552">
    <p class='ocr_par' dir='ltr' id='par_1_1' title="bbox 230 456 744 552">
     <span class='ocr_line' id='line_1_1' title="bbox 230 456 744 552; baseline -0.01 -21"><span class='ocrx_word' id='word_1_1' title='bbox 230 458 297 552; x_wconf 82' lang='lat'>138</span> <span class='ocrx_word' id='word_1_2' title='bbox 414 456 744 526; x_wconf 69' lang='lat' dir='ltr'>Enrsrotn·</span> 
     </span>
    </p>
   </div>
   <div class='ocr_carea' id='block_1_2' title="bbox 220 570 909 1698">
    <p class='ocr_par' dir='ltr' id='par_1_2' title="bbox 220 570 909 1698">
     <span class='ocr_line' id='line_1_2' title="bbox 225 570 909 653; baseline 0.007 -20"><span class='ocrx_word' id='word_1_3' title='bbox 225 575 341 634; x_wconf 85' lang='lat' dir='ltr'>tiorem.</span> <span class='ocrx_word' id='word_1_4' title='bbox 351 570 394 634; x_wconf 83' lang='lat' dir='ltr'>Ex</span> <span class='ocrx_word' id='word_1_5' title='bbox 404 570 588 653; x_wconf 77' lang='lat' dir='ltr'>epistolamm</span> <span class='ocrx_word' id='word_1_6' title='bbox 605 589 736 631; x_wconf 86' lang='lat' dir='ltr'>mearum</span> <span class='ocrx_word' id='word_1_7' title='bbox 748 572 909 638; x_wconf 56' lang='lat' dir='ltr'>inconstans</span> 
     </span>
     <span class='ocr_line' id='line_1_3' title="bbox 223 655 908 734; baseline 0.009 -20"><span class='ocrx_word' id='word_1_8' title='bbox 223 656 263 714; x_wconf 86' lang='lat' dir='ltr'>ria</span> <span class='ocrx_word' id='word_1_9' title='bbox 280 672 352 734; x_wconf 88' lang='lat' dir='ltr'>puto</span> <span class='ocrx_word' id='word_1_10' title='bbox 370 672 400 715; x_wconf 88' lang='lat' dir='ltr'>te</span> <span class='ocrx_word' id='word_1_11' title='bbox 421 655 526 714; x_wconf 85' lang='lat' dir='ltr'>mentis</span> <span class='ocrx_word' id='word_1_12' title='bbox 547 673 620 714; x_wconf 84' lang='lat' dir='ltr'>meae</span> <span class='ocrx_word' id='word_1_13' title='bbox 639 671 754 715; x_wconf 88' lang='lat' dir='ltr'>ntorum</span> <span class='ocrx_word' id='word_1_14' title='bbox 776 655 878 720; x_wconf 81' lang='lat' dir='ltr'>videre</span> <span class='ocrx_word' id='word_1_15' title='bbox 895 677 908 734; x_wconf 77' lang='lat'>-3</span> 
     </span>
     <span class='ocr_line' id='line_1_4' title="bbox 222 733 907 816; baseline 0.006 -24"><span class='ocrx_word' id='word_1_16' title='bbox 222 737 292 815; x_wconf 88' lang='lat' dir='ltr'>qui,</span> <span class='ocrx_word' id='word_1_17' title='bbox 309 738 365 795; x_wconf 88' lang='lat' dir='ltr'>ersi</span> <span class='ocrx_word' id='word_1_18' title='bbox 380 733 541 796; x_wconf 79' lang='lat' dir='ltr'>incredibili</span> <span class='ocrx_word' id='word_1_19' title='bbox 555 735 587 794; x_wconf 81' lang='lat' dir='ltr'>dt</span> <span class='ocrx_word' id='word_1_20' title='bbox 598 734 732 816; x_wconf 70' lang='lat' dir='ltr'>singulari</span> <span class='ocrx_word' id='word_1_21' title='bbox 747 735 907 802; x_wconf 72' lang='lat' dir='ltr'>calamitate</span> 
     </span>
     <span class='ocr_line' id='line_1_5' title="bbox 222 812 908 890; baseline 0.01 -17"><span class='ocrx_word' id='word_1_22' title='bbox 222 812 340 876; x_wconf 70' lang='lat' dir='ltr'>afflillus</span> <span class='ocrx_word' id='word_1_23' title='bbox 362 815 445 890; x_wconf 91' lang='lat' dir='ltr'>sum,</span> <span class='ocrx_word' id='word_1_24' title='bbox 461 832 561 874; x_wconf 89' lang='lat' dir='ltr'>tamen</span> <span class='ocrx_word' id='word_1_25' title='bbox 578 834 639 873; x_wconf 87' lang='lat' dir='ltr'>non</span> <span class='ocrx_word' id='word_1_26' title='bbox 659 832 720 874; x_wconf 85' lang='lat' dir='ltr'>tarn</span> <span class='ocrx_word' id='word_1_27' title='bbox 733 814 776 877; x_wconf 88' lang='lat' dir='ltr'>est</span> <span class='ocrx_word' id='word_1_28' title='bbox 794 835 832 877; x_wconf 84' lang='lat' dir='ltr'>ex</span> <span class='ocrx_word' id='word_1_29' title='bbox 851 818 908 880; x_wconf 73' lang='lat' dir='ltr'>nti-¹</span> 
     </span>
     <span class='ocr_line' id='line_1_6' title="bbox 222 892 908 978; baseline 0.009 -23"><span class='ocrx_word' id='word_1_30' title='bbox 222 894 316 969; x_wconf 87' lang='lat' dir='ltr'>seria,</span> <span class='ocrx_word' id='word_1_31' title='bbox 330 896 417 978; x_wconf 72' lang='lat' dir='ltr'>quim</span> <span class='ocrx_word' id='word_1_32' title='bbox 428 915 466 955; x_wconf 86' lang='lat' dir='ltr'>ex</span> <span class='ocrx_word' id='word_1_33' title='bbox 485 895 579 975; x_wconf 81' lang='lat' dir='ltr'>culpae</span> <span class='ocrx_word' id='word_1_34' title='bbox 590 892 692 954; x_wconf 79' lang='lat' dir='ltr'>nostrae</span> <span class='ocrx_word' id='word_1_35' title='bbox 706 898 908 962; x_wconf 73' lang='lat' dir='ltr'>recordatione</span> 
     </span>
     <span class='ocr_line' id='line_1_7' title="bbox 222 973 909 1058; baseline 0.009 -22"><span class='ocrx_word' id='word_1_36' title='bbox 222 996 407 1037; x_wconf 86' lang='lat' dir='ltr'>commotus:</span> <span class='ocrx_word' id='word_1_37' title='bbox 420 975 501 1056; x_wconf 81' lang='lat' dir='ltr'>cujus</span> <span class='ocrx_word' id='word_1_38' title='bbox 523 976 604 1037; x_wconf 87' lang='lat' dir='ltr'>enim</span> <span class='ocrx_word' id='word_1_39' title='bbox 618 973 725 1037; x_wconf 86' lang='lat' dir='ltr'>scelere</span> <span class='ocrx_word' id='word_1_40' title='bbox 744 979 865 1058; x_wconf 74' lang='lat' dir='ltr'>impulsi</span> <span class='ocrx_word' id='word_1_41' title='bbox 876 995 909 1042; x_wconf 75' lang='lat' dir='ltr'>se</span> 
     </span>
     <span class='ocr_line' id='line_1_8' title="bbox 220 1054 906 1142; baseline 0.003 -27"><span class='ocrx_word' id='word_1_42' title='bbox 220 1058 328 1137; x_wconf 87' lang='lat' dir='ltr'>proditi</span> <span class='ocrx_word' id='word_1_43' title='bbox 346 1060 454 1130; x_wconf 88' lang='lat' dir='ltr'>simus,</span> <span class='ocrx_word' id='word_1_44' title='bbox 469 1055 529 1135; x_wconf 80' lang='lat' dir='ltr'>jam</span> <span class='ocrx_word' id='word_1_45' title='bbox 544 1054 676 1136; x_wconf 72' lang='lat' dir='ltr'>profedb</span> <span class='ocrx_word' id='word_1_46' title='bbox 693 1057 779 1117; x_wconf 85' lang='lat' dir='ltr'>vides</span> <span class='ocrx_word' id='word_1_47' title='bbox 796 1078 806 1132; x_wconf 90' lang='lat'>;</span> <span class='ocrx_word' id='word_1_48' title='bbox 823 1077 906 1142; x_wconf 81' lang='lat' dir='ltr'>atque</span> 
     </span>
     <span class='ocr_line' id='line_1_9' title="bbox 221 1135 909 1218; baseline 0.009 -22"><span class='ocrx_word' id='word_1_49' title='bbox 221 1140 331 1197; x_wconf 90' lang='lat' dir='ltr'>utinam</span> <span class='ocrx_word' id='word_1_50' title='bbox 345 1135 402 1215; x_wconf 88' lang='lat' dir='ltr'>jam</span> <span class='ocrx_word' id='word_1_51' title='bbox 413 1138 479 1197; x_wconf 68' lang='lat' dir='ltr'>ante</span> <span class='ocrx_word' id='word_1_52' title='bbox 490 1136 627 1208; x_wconf 82' lang='lat' dir='ltr'>vidisses,</span> <span class='ocrx_word' id='word_1_53' title='bbox 638 1156 734 1218; x_wconf 84' lang='lat' dir='ltr'>neque</span> <span class='ocrx_word' id='word_1_54' title='bbox 745 1154 841 1200; x_wconf 85' lang='lat' dir='ltr'>totum</span> <span class='ocrx_word' id='word_1_55' title='bbox 852 1142 909 1202; x_wconf 64' lang='lat' dir='ltr'>ania</span> 
     </span>
     <span class='ocr_line' id='line_1_10' title="bbox 223 1217 908 1282; baseline 0.01 -6"><span class='ocrx_word' id='word_1_56' title='bbox 223 1237 303 1276; x_wconf 91' lang='lat' dir='ltr'>mum</span> <span class='ocrx_word' id='word_1_57' title='bbox 318 1237 399 1279; x_wconf 90' lang='lat' dir='ltr'>tuum</span> <span class='ocrx_word' id='word_1_58' title='bbox 412 1219 533 1277; x_wconf 83' lang='lat' dir='ltr'>moerori</span> <span class='ocrx_word' id='word_1_59' title='bbox 549 1237 664 1277; x_wconf 83' lang='lat' dir='ltr'>metum</span> <span class='ocrx_word' id='word_1_60' title='bbox 677 1220 763 1277; x_wconf 84' lang='lat' dir='ltr'>simul</span> <span class='ocrx_word' id='word_1_61' title='bbox 777 1217 908 1282; x_wconf 73' lang='lat' dir='ltr'>dedisses.¹</span> 
     </span>
     <span class='ocr_line' id='line_1_11' title="bbox 223 1295 907 1378; baseline 0.01 -21"><span class='ocrx_word' id='word_1_62' title='bbox 223 1296 345 1377; x_wconf 84' lang='lat' dir='ltr'><strong>Quare,</strong></span> <span class='ocrx_word' id='word_1_63' title='bbox 361 1320 449 1378; x_wconf 87' lang='lat' dir='ltr'>quum</span> <span class='ocrx_word' id='word_1_64' title='bbox 461 1318 509 1359; x_wconf 89' lang='lat' dir='ltr'>me</span> <span class='ocrx_word' id='word_1_65' title='bbox 520 1295 673 1371; x_wconf 72' lang='lat' dir='ltr'>afflittum,</span> <span class='ocrx_word' id='word_1_66' title='bbox 690 1297 723 1357; x_wconf 77' lang='grc' dir='ltr'>δι</span> <span class='ocrx_word' id='word_1_67' title='bbox 743 1298 907 1364; x_wconf 66' lang='lat' dir='ltr'>confestum</span> 
     </span>
     <span class='ocr_line' id='line_1_12' title="bbox 220 1376 905 1452; baseline 0.009 -15"><span class='ocrx_word' id='word_1_68' title='bbox 220 1377 297 1437; x_wconf 74' lang='lat' dir='ltr'>ludu</span> <span class='ocrx_word' id='word_1_69' title='bbox 315 1380 433 1452; x_wconf 86' lang='lat' dir='ltr'>audies,</span> <span class='ocrx_word' id='word_1_70' title='bbox 450 1376 609 1439; x_wconf 80' lang='lat' dir='ltr'>existimato</span> <span class='ocrx_word' id='word_1_71' title='bbox 626 1396 675 1437; x_wconf 88' lang='lat' dir='ltr'>me</span> <span class='ocrx_word' id='word_1_72' title='bbox 693 1376 818 1440; x_wconf 77' lang='lat' dir='ltr'>stultitia</span> <span class='ocrx_word' id='word_1_73' title='bbox 834 1399 905 1442; x_wconf 70' lang='lat' dir='ltr'>meu</span> 
     </span>
     <span class='ocr_line' id='line_1_13' title="bbox 221 1456 908 1543; baseline 0.001 -25"><span class='ocrx_word' id='word_1_74' title='bbox 221 1478 341 1538; x_wconf 85' lang='lat' dir='ltr'>poenam</span> <span class='ocrx_word' id='word_1_75' title='bbox 359 1459 435 1519; x_wconf 86' lang='lat' dir='ltr'>ferre</span> <span class='ocrx_word' id='word_1_76' title='bbox 447 1461 582 1542; x_wconf 73' lang='lat' dir='ltr'>gratiis,</span> <span class='ocrx_word' id='word_1_77' title='bbox 601 1456 688 1538; x_wconf 68' lang='lat' dir='ltr'>quim</span> <span class='ocrx_word' id='word_1_78' title='bbox 699 1459 908 1543; x_wconf 65' lang='lat' dir='ltr'>eventitqnld</span> 
     </span>
     <span class='ocr_line' id='line_1_14' title="bbox 221 1536 908 1622; baseline 0.009 -24"><span class='ocrx_word' id='word_1_79' title='bbox 221 1540 248 1598; x_wconf 91' lang='lat' dir='ltr'>ei</span> <span class='ocrx_word' id='word_1_80' title='bbox 268 1540 463 1614; x_wconf 84' lang='lat' dir='ltr'>crediderim,</span> <span class='ocrx_word' id='word_1_81' title='bbox 485 1559 572 1622; x_wconf 90' lang='lat' dir='ltr'>quem</span> <span class='ocrx_word' id='word_1_82' title='bbox 596 1536 651 1599; x_wconf 83' lang='lat' dir='ltr'>elle</span> <span class='ocrx_word' id='word_1_83' title='bbox 679 1537 824 1599; x_wconf 87' lang='lat' dir='ltr'>nefarium</span> <span class='ocrx_word' id='word_1_84' title='bbox 848 1561 908 1604; x_wconf 79' lang='lat' dir='ltr'>non</span> 
     </span>
     <span class='ocr_line' id='line_1_15' title="bbox 222 1618 909 1698; baseline 0.007 -19"><span class='ocrx_word' id='word_1_85' title='bbox 222 1624 356 1698; x_wconf 88' lang='lat' dir='ltr'>putarim.</span> <span class='ocrx_word' id='word_1_86' title='bbox 375 1621 427 1681; x_wconf 90' lang='lat' dir='ltr'>Me</span> <span class='ocrx_word' id='word_1_87' title='bbox 446 1621 477 1680; x_wconf 86' lang='lat'>&amp;</span> <span class='ocrx_word' id='word_1_88' title='bbox 494 1640 625 1680; x_wconf 85' lang='lat' dir='ltr'>meorum</span> <span class='ocrx_word' id='word_1_89' title='bbox 639 1618 781 1679; x_wconf 84' lang='lat' dir='ltr'>malorum</span> <span class='ocrx_word' id='word_1_90' title='bbox 793 1641 909 1684; x_wconf 82' lang='lat' dir='ltr'>memo·</span> 
     </span>
    </p>
   </div>
   <div class='ocr_carea' id='block_1_3' title="bbox 107 1698 909 1773">
    <p class='ocr_par' dir='ltr' id='par_1_3' title="bbox 107 1698 909 1773">
     <span class='ocr_line' id='line_1_16' title="bbox 107 1698 909 1773; baseline 0.01 -17"><span class='ocrx_word' id='word_1_91' title='bbox 107 1728 112 1733; x_wconf 90' lang='lat'><em>-</em></span> <span class='ocrx_word' id='word_1_92' title='bbox 219 1702 281 1773; x_wconf 90' lang='lat' dir='ltr'>ria,</span> <span class='ocrx_word' id='word_1_93' title='bbox 301 1701 332 1761; x_wconf 88' lang='lat'>&amp;</span> <span class='ocrx_word' id='word_1_94' title='bbox 351 1719 445 1761; x_wconf 84' lang='lat' dir='ltr'>metus</span> <span class='ocrx_word' id='word_1_95' title='bbox 466 1701 504 1760; x_wconf 92' lang='lat' dir='ltr'>de</span> <span class='ocrx_word' id='word_1_96' title='bbox 519 1699 606 1761; x_wconf 87' lang='lat' dir='ltr'>fratre</span> <span class='ocrx_word' id='word_1_97' title='bbox 624 1702 654 1758; x_wconf 90' lang='lat' dir='ltr'>in</span> <span class='ocrx_word' id='word_1_98' title='bbox 674 1698 826 1761; x_wconf 87' lang='lat' dir='ltr'>scribendo</span> <span class='ocrx_word' id='word_1_99' title='bbox 849 1704 909 1764; x_wconf 86' lang='lat' dir='ltr'>im-</span> 
     </span>
    </p>
   </div>
   <div class='ocr_carea' id='block_1_4' title="bbox 219 1780 909 2100">
    <p class='ocr_par' dir='ltr' id='par_1_4' title="bbox 219 1780 909 2100">
     <span class='ocr_line' id='line_1_17' title="bbox 220 1780 909 1862; baseline 0.012 -24"><span class='ocrx_word' id='word_1_100' title='bbox 220 1780 324 1854; x_wconf 84' lang='lat' dir='ltr'>pedit:</span> <span class='ocrx_word' id='word_1_101' title='bbox 342 1798 372 1840; x_wconf 90' lang='lat' dir='ltr'>tu</span> <span class='ocrx_word' id='word_1_102' title='bbox 398 1780 447 1840; x_wconf 86' lang='lat' dir='ltr'>ista</span> <span class='ocrx_word' id='word_1_103' title='bbox 471 1784 571 1840; x_wconf 86' lang='lat' dir='ltr'>omnia</span> <span class='ocrx_word' id='word_1_104' title='bbox 595 1782 685 1852; x_wconf 84' lang='lat' dir='ltr'>vide,</span> <span class='ocrx_word' id='word_1_105' title='bbox 707 1781 748 1840; x_wconf 87' lang='lat'>&amp;&#39;</span> <span class='ocrx_word' id='word_1_106' title='bbox 767 1781 909 1862; x_wconf 77' lang='lat' dir='ltr'>gnberna-¹</span> 
     </span>
     <span class='ocr_line' id='line_1_18' title="bbox 221 1856 908 1944; baseline 0.01 -27"><span class='ocrx_word' id='word_1_107' title='bbox 221 1856 358 1920; x_wconf 89' lang='lat' dir='ltr'>Terentia</span> <span class='ocrx_word' id='word_1_108' title='bbox 377 1863 430 1921; x_wconf 92' lang='lat' dir='ltr'>tibi</span> <span class='ocrx_word' id='word_1_109' title='bbox 452 1864 592 1920; x_wconf 82' lang='lat' dir='ltr'>maximas</span> <span class='ocrx_word' id='word_1_110' title='bbox 608 1863 710 1944; x_wconf 79' lang='lat' dir='ltr'>gratias</span> <span class='ocrx_word' id='word_1_111' title='bbox 762 1863 794 1922; x_wconf 83' lang='lat' dir='ltr'>&#39;r.</span> <span class='ocrx_word' id='word_1_112' title='bbox 809 1861 908 1924; x_wconf 84' lang='lat' dir='ltr'>Litte-</span> 
     </span>
     <span class='ocr_line' id='line_1_19' title="bbox 221 1939 909 2022; baseline 0.012 -25"><span class='ocrx_word' id='word_1_113' title='bbox 221 1960 316 1998; x_wconf 85' lang='lat' dir='ltr'>rarum</span> <span class='ocrx_word' id='word_1_114' title='bbox 346 1942 543 2020; x_wconf 82' lang='lat' dir='ltr'>exemplum,</span> <span class='ocrx_word' id='word_1_115' title='bbox 570 1962 641 2022; x_wconf 84' lang='lat' dir='ltr'>quas</span> <span class='ocrx_word' id='word_1_116' title='bbox 668 1939 705 2000; x_wconf 84' lang='lat' dir='ltr'>ad</span> <span class='ocrx_word' id='word_1_117' title='bbox 757 1961 808 2001; x_wconf 86' lang='lat' dir='ltr'>om</span> <span class='ocrx_word' id='word_1_118' title='bbox 830 1945 909 2004; x_wconf 74' lang='lat' dir='ltr'>eitam</span> 
     </span>
     <span class='ocr_line' id='line_1_20' title="bbox 219 2018 908 2100; baseline 0.012 -20"><span class='ocrx_word' id='word_1_119' title='bbox 219 2018 339 2100; x_wconf 87' lang='lat' dir='ltr'>scripsi,</span> <span class='ocrx_word' id='word_1_120' title='bbox 355 2023 419 2082; x_wconf 85' lang='lat' dir='ltr'>misi</span> <span class='ocrx_word' id='word_1_121' title='bbox 431 2022 494 2084; x_wconf 86' lang='lat' dir='ltr'>tibi.</span> <span class='ocrx_word' id='word_1_122' title='bbox 510 2020 581 2083; x_wconf 80' lang='lat' dir='ltr'>Dat.</span> <span class='ocrx_word' id='word_1_123' title='bbox 600 2040 638 2084; x_wconf 86' lang='lat' dir='ltr'>lv</span> <span class='ocrx_word' id='word_1_124' title='bbox 654 2021 720 2082; x_wconf 81' lang='lat' dir='ltr'>Kal.</span> <span class='ocrx_word' id='word_1_125' title='bbox 738 2020 805 2084; x_wconf 73' lang='lat' dir='ltr'>Jun-</span> <span class='ocrx_word' id='word_1_126' title='bbox 866 2021 908 2088; x_wconf 74' lang='lat' dir='ltr'>es·¹</span> 
     </span>
    </p>
   </div>
   <div class='ocr_carea' id='block_1_5' title="bbox 223 2098 905 2313">
    <p class='ocr_par' dir='ltr' id='par_1_5' title="bbox 223 2098 905 2313">
     <span class='ocr_line' id='line_1_21' title="bbox 223 2098 364 2162; baseline 0.007 -1"><span class='ocrx_word' id='word_1_127' title='bbox 223 2098 364 2162; x_wconf 81' lang='lat' dir='ltr'>salonicae.</span> 
     </span>
     <span class='ocr_line' id='line_1_22' title="bbox 311 2218 905 2313; baseline 0 -27"><span class='ocrx_word' id='word_1_128' title='bbox 311 2222 475 2287; x_wconf 81' lang='lat' dir='ltr'>thtttto</span> <span class='ocrx_word' id='word_1_129' title='bbox 517 2218 681 2313; x_wconf 78' lang='lat' dir='ltr'>Arrtco</span> <span class='ocrx_word' id='word_1_130' title='bbox 723 2222 812 2286; x_wconf 74' lang='lat' dir='ltr'>Snr.</span> <span class='ocrx_word' id='word_1_131' title='bbox 903 2262 905 2266; x_wconf 93' lang='lat'>-</span> 
     </span>
    </p>
   </div>
   <div class='ocr_carea' id='block_1_6' title="bbox 215 2308 907 3076">
    <p class='ocr_par' dir='ltr' id='par_1_6' title="bbox 215 2308 907 3076">
     <span class='ocr_line' id='line_1_23' title="bbox 215 2308 907 2429; baseline 0.004 -23"><span class='ocrx_word' id='word_1_132' title='bbox 215 2366 246 2429; x_wconf 88' lang='lat'>9.</span> <span class='ocrx_word' id='word_1_133' title='bbox 262 2308 476 2429; x_wconf 73' lang='lat' dir='ltr'>Qutttws</span> <span class='ocrx_word' id='word_1_134' title='bbox 496 2344 583 2405; x_wconf 88' lang='lat' dir='ltr'>frater</span> <span class='ocrx_word' id='word_1_135' title='bbox 603 2366 691 2428; x_wconf 91' lang='lat' dir='ltr'>quum</span> <span class='ocrx_word' id='word_1_136' title='bbox 711 2366 748 2407; x_wconf 84' lang='lat' dir='ltr'>ex</span> <span class='ocrx_word' id='word_1_137' title='bbox 763 2344 837 2408; x_wconf 83' lang='lat' dir='ltr'>Asia</span> <span class='ocrx_word' id='word_1_138' title='bbox 850 2345 907 2408; x_wconf 81' lang='lat' dir='ltr'>dis·</span> 
     </span>
     <span class='ocr_line' id='line_1_24' title="bbox 218 2425 906 2490; baseline 0 -1"><span class='ocrx_word' id='word_1_139' title='bbox 218 2429 344 2489; x_wconf 78' lang='lat' dir='ltr'>cessisset</span> <span class='ocrx_word' id='word_1_140' title='bbox 363 2444 428 2487; x_wconf 89' lang='lat' dir='ltr'>ante</span> <span class='ocrx_word' id='word_1_141' title='bbox 450 2425 515 2485; x_wconf 89' lang='lat' dir='ltr'>Kal.</span> <span class='ocrx_word' id='word_1_142' title='bbox 537 2426 609 2485; x_wconf 84' lang='lat' dir='ltr'>Mai.</span> <span class='ocrx_word' id='word_1_143' title='bbox 634 2425 816 2489; x_wconf 84' lang='lat' dir='ltr'>&amp;Athenas</span> <span class='ocrx_word' id='word_1_144' title='bbox 847 2447 906 2490; x_wconf 82' lang='lat' dir='ltr'>ve-</span> 
     </span>
     <span class='ocr_line' id='line_1_25' title="bbox 220 2505 905 2587; baseline 0.004 -20"><span class='ocrx_word' id='word_1_145' title='bbox 220 2508 303 2571; x_wconf 75' lang='lat' dir='ltr'>millet</span> <span class='ocrx_word' id='word_1_146' title='bbox 316 2506 390 2566; x_wconf 89' lang='lat' dir='ltr'>Idib.</span> <span class='ocrx_word' id='word_1_147' title='bbox 403 2506 488 2565; x_wconf 83' lang='lat' dir='ltr'>valde</span> <span class='ocrx_word' id='word_1_148' title='bbox 507 2505 560 2566; x_wconf 86' lang='lat' dir='ltr'>fuit</span> <span class='ocrx_word' id='word_1_149' title='bbox 574 2509 600 2566; x_wconf 88' lang='lat' dir='ltr'>ei</span> <span class='ocrx_word' id='word_1_150' title='bbox 620 2507 857 2587; x_wconf 88' lang='lat' dir='ltr'>properandum,</span> <span class='ocrx_word' id='word_1_151' title='bbox 867 2523 905 2570; x_wconf 71' lang='lat' dir='ltr'>ne</span> 
     </span>
     <span class='ocr_line' id='line_1_26' title="bbox 238 2587 904 2669; baseline 0.002 -21"><span class='ocrx_word' id='word_1_152' title='bbox 238 2589 288 2648; x_wconf 92' lang='lat' dir='ltr'>uid</span> <span class='ocrx_word' id='word_1_153' title='bbox 306 2587 407 2647; x_wconf 88' lang='lat' dir='ltr'>absens</span> <span class='ocrx_word' id='word_1_154' title='bbox 431 2588 574 2665; x_wconf 87' lang='lat' dir='ltr'>acciperet</span> <span class='ocrx_word' id='word_1_155' title='bbox 596 2588 783 2661; x_wconf 82' lang='lat' dir='ltr'>calamitatis,</span> <span class='ocrx_word' id='word_1_156' title='bbox 799 2592 822 2649; x_wconf 88' lang='lat' dir='ltr'>si</span> <span class='ocrx_word' id='word_1_157' title='bbox 842 2589 904 2669; x_wconf 79' lang='lat' dir='ltr'>quis</span> 
     </span>
     <span class='ocr_line' id='line_1_27' title="bbox 217 2610 904 2745; baseline 0.001 -18"><span class='ocrx_word' id='word_1_158' title='bbox 217 2610 293 2728; x_wconf 57' lang='lat' dir='ltr'>lorti</span> <span class='ocrx_word' id='word_1_159' title='bbox 315 2664 427 2738; x_wconf 79' lang='lat' dir='ltr'>fuisset,</span> <span class='ocrx_word' id='word_1_160' title='bbox 448 2668 498 2745; x_wconf 87' lang='lat' dir='ltr'>qui</span> <span class='ocrx_word' id='word_1_161' title='bbox 521 2683 672 2727; x_wconf 89' lang='lat' dir='ltr'>contentus</span> <span class='ocrx_word' id='word_1_162' title='bbox 700 2666 803 2728; x_wconf 85' lang='lat' dir='ltr'>nostris</span> <span class='ocrx_word' id='word_1_163' title='bbox 824 2669 904 2728; x_wconf 76' lang='lat' dir='ltr'>malit</span> 
     </span>
     <span class='ocr_line' id='line_1_28' title="bbox 218 2745 903 2829; baseline 0.003 -21"><span class='ocrx_word' id='word_1_164' title='bbox 218 2768 279 2809; x_wconf 91' lang='lat' dir='ltr'>non</span> <span class='ocrx_word' id='word_1_165' title='bbox 307 2745 375 2808; x_wconf 82' lang='lat' dir='ltr'>effer</span> <span class='ocrx_word' id='word_1_166' title='bbox 389 2765 397 2804; x_wconf 82' lang='lat' dir='ltr'>t</span> <span class='ocrx_word' id='word_1_167' title='bbox 413 2747 510 2826; x_wconf 90' lang='lat' dir='ltr'>itaque</span> <span class='ocrx_word' id='word_1_168' title='bbox 538 2768 606 2808; x_wconf 89' lang='lat' dir='ltr'>eum</span> <span class='ocrx_word' id='word_1_169' title='bbox 636 2749 723 2807; x_wconf 87' lang='lat' dir='ltr'>malui</span> <span class='ocrx_word' id='word_1_170' title='bbox 745 2767 903 2829; x_wconf 85' lang='lat' dir='ltr'>properare</span> 
     </span>
     <span class='ocr_line' id='line_1_29' title="bbox 219 2826 907 2907; baseline 0 -17"><span class='ocrx_word' id='word_1_171' title='bbox 219 2829 367 2901; x_wconf 88' lang='lat' dir='ltr'>Romam,</span> <span class='ocrx_word' id='word_1_172' title='bbox 385 2826 473 2907; x_wconf 71' lang='lat' dir='ltr'>quim</span> <span class='ocrx_word' id='word_1_173' title='bbox 493 2826 531 2887; x_wconf 91' lang='lat' dir='ltr'>ad</span> <span class='ocrx_word' id='word_1_174' title='bbox 555 2848 602 2887; x_wconf 88' lang='lat' dir='ltr'>me</span> <span class='ocrx_word' id='word_1_175' title='bbox 624 2831 724 2888; x_wconf 87' lang='lat' dir='ltr'>venire</span> <span class='ocrx_word' id='word_1_176' title='bbox 740 2850 748 2887; x_wconf 75' lang='grc' dir='ltr'><strong>ι</strong></span> <span class='ocrx_word' id='word_1_177' title='bbox 767 2830 799 2889; x_wconf 91' lang='lat'>&amp;</span> <span class='ocrx_word' id='word_1_178' title='bbox 821 2829 907 2890; x_wconf 85' lang='lat' dir='ltr'>simul</span> 
     </span>
     <span class='ocr_line' id='line_1_30' title="bbox 218 2906 906 2990; baseline 0.001 -21"><span class='ocrx_word' id='word_1_179' title='bbox 218 2908 337 2990; x_wconf 85' lang='lat' dir='ltr'>(dicam</span> <span class='ocrx_word' id='word_1_180' title='bbox 357 2909 458 2982; x_wconf 90' lang='lat' dir='ltr'>enim,</span> <span class='ocrx_word' id='word_1_181' title='bbox 477 2909 559 2989; x_wconf 92' lang='lat' dir='ltr'>quod</span> <span class='ocrx_word' id='word_1_182' title='bbox 580 2928 683 2968; x_wconf 85' lang='lat' dir='ltr'>vetum</span> <span class='ocrx_word' id='word_1_183' title='bbox 709 2906 770 2983; x_wconf 79' lang='lat' dir='ltr'>est3</span> <span class='ocrx_word' id='word_1_184' title='bbox 789 2929 827 2969; x_wconf 87' lang='lat' dir='ltr'>ex</span> <span class='ocrx_word' id='word_1_185' title='bbox 887 2929 906 2970; x_wconf 92' lang='grc' dir='ltr'>ο</span> 
     </span>
     <span class='ocr_line' id='line_1_31' title="bbox 219 2988 906 3076; baseline 0.003 -26"><span class='ocrx_word' id='word_1_186' title='bbox 219 2990 445 3076; x_wconf 84' lang='lat' dir='ltr'>magnitudinem</span> <span class='ocrx_word' id='word_1_187' title='bbox 459 2988 635 3051; x_wconf 87' lang='lat' dir='ltr'>miseriarum</span> <span class='ocrx_word' id='word_1_188' title='bbox 647 3008 776 3052; x_wconf 86' lang='lat' dir='ltr'>meatum</span> <span class='ocrx_word' id='word_1_189' title='bbox 794 3009 848 3072; x_wconf 88' lang='lat' dir='ltr'>per</span> <span class='ocrx_word' id='word_1_190' title='bbox 861 2993 906 3074; x_wconf 89' lang='lat' dir='ltr'>pi·</span> 
     </span>
    </p>
   </div>
   <div class='ocr_carea' id='block_1_7' title="bbox 0 0 1064 3984">
    <p class='ocr_par' dir='ltr' id='par_1_7' title="bbox 0 0 1064 3984">
     <span class='ocr_line' id='line_1_32' title="bbox 0 0 1064 3984; baseline 0 0"><span class='ocrx_word' id='word_1_191' title='bbox 0 0 1064 3984; x_wconf 95' lang='lat' dir='ltr'> </span> 
     </span>
    </p>
   </div>
  </div>
 </body>
</html>
