2117 3984
246 477 323 560 ¹„en
343 460 554 528 Arrrcrrrr
572 460 737 531 ωλι).
778 461 845 558 189

166 577 233 640 uuila
253 577 363 656 opinio
382 571 434 634 est.
461 571 525 654 Ego
546 619 554 646 ,
578 593 609 635 ur
629 579 664 636 sit
683 592 766 647 rara,
786 579 844 636 ab·

166 655 234 720 :risse
250 676 303 716 me
321 659 354 716 in
376 655 633 730 altercationibus,
662 677 730 736 quas
751 659 779 716 in
795 657 843 719 se-

166 757 221 800 ura
232 737 326 798 sabbas
343 735 455 810 audio,
469 734 533 796 fero
551 759 611 796 non
625 735 761 796 moleste:
776 760 842 798 narn

166 837 203 882 nt
216 813 435 888 defendissem,
455 817 536 896 quod
554 839 612 876 non
632 818 779 896 placerer3
795 837 843 880 aut

166 897 327 972 sedissem,
345 899 393 956 cui
405 917 466 955 non
482 917 641 976 oporteret.
657 897 714 956 Sed
732 897 844 957 meher-

166 979 217 1042 ene
230 980 325 1040 velim
344 996 391 1036 res
408 973 494 1048 istas,
511 978 543 1036 ὃ(
559 977 727 1056 praesentem
743 974 845 1038 siarum

166 1061 347 1142 reipublicae,
363 1057 396 1116 δι
411 1078 472 1138 quo
491 1059 588 1116 animo
606 1058 735 1117 consides
751 1057 844 1120 ferent

166 1139 231 1200 bunc
247 1143 390 1216 ηυλμὶι,
408 1137 545 1198 rescribas
559 1138 595 1196 ad
613 1159 682 1210 me,
703 1156 843 1220 quantum

166 1219 277 1302 por'est.
296 1218 398 1279 Valde
418 1216 480 1277 sum
495 1215 637 1288 sessuros:
652 1218 703 1292 ἃ,
720 1220 743 1278 si
759 1242 842 1299 qum·

167 1303 219 1374 ris,
239 1301 344 1362 omnia
369 1299 439 1358 mihi
466 1295 529 1358 sunt
554 1295 684 1377 suspesba.
712 1297 841 1360 Crassum

169 1383 276 1462 quidem
302 1377 436 1440 nostrum
463 1380 574 1438 minore
601 1380 737 1461 dirnitare
764 1382 842 1439 aiunt

169 1461 320 1602 Hedum
342 1459 532 1540 paludatum,
551 1459 638 1539 quim
658 1462 727 1518 olim
749 1481 843 1539 equa·

241 1563 304 1610 erus
327 1540 363 1600 L.
385 1537 530 1612 Paulum,
555 1542 659 1599 iterum
687 1537 843 1599 consulein.

171 1619 363 1684 Obominem
381 1620 532 1701 nequam!
555 1619 603 1680 De
621 1622 697 1680 libris
713 1622 843 1679 oratoriis

169 1699 263 1764 fflrnn
276 1701 319 1766 est
340 1725 358 1762 a
374 1722 424 1762 me
443 1701 615 1782 diligenter:
636 1700 684 1759 diu
707 1701 844 1760 multum-

234 1787 264 1846 in
281 1784 418 1846 manibus
437 1781 552 1842 fuerunt
571 1803 579 1852 ;
606 1783 745 1842 describas
765 1783 843 1842 licet.

254 1869 345 1926 etiam
364 1881 395 1924 te
418 1884 491 1944 rogo
512 1907 522 1935 ,
550 1861 589 1930 riv
609 1870 731 1941 τιςὲσαν
753 1865 842 1924 narri-

173 1969 240 2008 rere
261 1943 408 2018 renuite,
428 1963 465 2004 ne
485 1941 553 2006 istuc
574 1941 678 2022 hospes
698 1944 822 2002 veniam.

272 2061 440 2124 Crceno
469 2066 631 2122 Arrrco
659 2061 742 2122 Ser.

177 2143 472 2252 rNrsronrus
497 2178 590 2240 noster
613 2201 660 2240 me
676 2201 737 2260 ,per
759 2182 843 2242 litte-

174 2279 215 2318 ras
229 2259 295 2322 fecit
306 2264 478 2335 certiorem,
493 2280 521 2321 re
541 2261 637 2320 Romd
651 2283 676 2320 a.
694 2262 722 2319 d.
742 2280 778 2320 v1
800 2261 845 2324 Id.

173 2337 238 2400 Maii
248 2359 347 2422 putare
360 2340 522 2422 profesium
542 2339 596 2400 effe
616 2342 723 2401 tarderis
735 2387 744 2414 ,
757 2341 844 2423 quim

174 2417 290 2494 dixerat,
305 2423 387 2504 qubd
402 2424 495 2482 minirs
510 2420 657 2482 valuisses:
674 2426 696 2482 si
711 2422 767 2500 jam
784 2443 845 2485 rne-

173 2497 218 2560 liirs
237 2505 345 2574 vales,
373 2503 562 2564 vehementer
590 2503 714 2584 gaudeo.
744 2503 845 2565 Velim

174 2579 283 2644 domurn
299 2583 337 2644 ad
358 2601 424 2644 tuos
444 2583 565 2657 scribas,
583 2604 613 2643 ut
632 2587 701 2644 mihi
720 2587 761 2644 tui
779 2585 844 2646 libri

173 2679 304 2740 pereant,
334 2686 395 2724 non
423 2662 503 2723 secus
524 2685 556 2722 ac
578 2666 600 2721 si
622 2665 679 2744 ipse
705 2663 811 2727 adesses
833 2712 843 2740 ,

172 2761 250 2820 <prum
280 2746 371 2806 ceteri
391 2789 402 2817 ,
425 2760 488 2804 turn
510 2742 648 2805 Varronis
670 2766 678 2803 :
700 2745 739 2805 est
764 2749 844 2808 enirn

171 2823 230 2884 mibi
242 2825 384 2886 utendum
396 2824 563 2906 quibusdam
576 2826 660 2885 rebus
674 2848 709 2887 ex
722 2830 753 2887 iis
767 2828 844 2889 libris

169 2903 293 2976 adeor,
313 2928 388 2988 quos
410 2909 439 2965 in
459 2907 588 2966 manibus
609 2908 721 2969 habeo:
743 2928 815 2985 quos
833 2948 843 2977 ,

168 3003 195 3046 ur
211 2983 317 3068 spero,
332 2986 386 3050 nbi
405 2985 490 3052 valde
509 2988 653 3070 probabo.
670 2987 846 3062 Turesim,
