2117 3984
216 469 262 559 76
357 465 707 533 ·Er³1srorn:

216 578 418 651 commodius,
436 577 522 659 qulam
541 578 577 638 de
595 579 637 637 his
652 577 736 638 rebus
754 576 825 636 nihil
840 574 916 657 jam'

216 660 338 740 amplius
355 658 494 719 scribere:
512 679 601 797 {uum
616 661 722 718 erimus
736 661 900 740 congressi3

215 758 299 813 tum,
320 739 433 819 siquid
455 759 499 799 res
528 757 611 813 eret,
636 738 735 800 coriam
755 740 900 800 internos

215 819 411 881 conferemus.
434 819 528 897 Quod
552 817 590 876 ad
614 835 663 879 me
691 819 728 879 de
754 818 902 899 republica

215 901 332 973 scribis,
357 898 480 979 disputas
502 899 672 979 mquidem
693 899 723 958 &
749 915 902 974 amanter,

216 983 248 1041 &
264 980 437 1062 prudentem
454 979 486 1040 &
501 1001 518 1038 a
533 982 606 1039 meis
623 980 750 1039 consiliis
764 983 839 1041 ratio
856 995 904 1040 tua

217 1084 279 1122 non
299 1061 453 1122 abhorret:
473 1081 541 1120 nam
559 1079 655 1139 neque
674 1061 711 1120 de
726 1057 799 1121 statu
819 1061 903 1122 nobis

218 1139 321 1202 nostra
340 1142 486 1222 dignitatis
507 1138 548 1201 est
569 1139 792 1216 recedendum,
810 1161 910 1222 neque.

218 1225 281 1283 sine
303 1219 405 1282 nostris
427 1223 518 1301 copiis
541 1223 615 1281 intra
635 1222 749 1281 alterius
773 1222 905 1301 praesidia

219 1301 397 1365 veniendum
413 1322 423 1373 3
442 1302 473 1362 ὃ(
493 1304 537 1370 is,
559 1302 595 1361 de
616 1323 676 1381 quo
697 1301 815 1376 scribis,
837 1303 904 1364 nihil

219 1382 310 1443 habet
327 1384 474 1463 amplum,
490 1381 561 1441 nihil
575 1381 740 1456 excelsum,
758 1383 830 1444 nihil
847 1402 918 1446 nou*

221 1461 419 1537 summillum,
448 1482 534 1544 atque
559 1462 727 1543 populare:
755 1479 905 1526 verumta-

222 1565 292 1606 men
316 1544 371 1605 fuit
388 1546 462 1605 ratio
480 1544 551 1603 mihi
568 1542 682 1603 fortaffe
706 1541 743 1601 ad
762 1543 906 1642 tranquil·

221 1626 333 1687 litatem
355 1645 488 1686 meorum
510 1643 676 1705 temporum
697 1644 759 1684 non
776 1625 907 1702 inutilir3

225 1706 275 1766 sed
307 1706 470 1766 mehercule
501 1705 666 1785 reipublicae
696 1705 790 1765 multi>
821 1708 908 1768 etiam

226 1787 345 1858 utilior,
362 1786 451 1867 quim
469 1786 562 1858 milti,
582 1786 690 1847 civium
707 1785 908 1865 improborum

223 1870 351 1947 impetus
376 1868 407 1925 in
435 1886 482 1926 me
506 1868 647 1946 reprimi,
670 1886 758 1945 quum
781 1867 907 1930 hominis

227 1970 275 2007 am
298 1947 403 2006 lissimi
430 1946 546 2007 fortuna
566 1991 575 2019 ,
599 1946 792 2020 aueloritate,
821 1949 909 2032 gretil

227 1970 413 2088 fluluanrem
435 2026 603 2088 sententiam
620 2025 857 2102 confirmassem,
878 2029 910 2090 δι

228 2131 246 2167 a
264 2107 312 2187 spe
329 2108 471 2168 malorum
489 2108 525 2167 ad
539 2128 669 2168 mearum
685 2127 781 2167 rerum
796 2111 910 2172 laudem

230 2186 451 2249 convertissem:
466 2189 584 2269 quodsi
600 2209 666 2248 curn
682 2189 777 2269 aliqua
793 2189 911 2254 levitate

229 2269 300 2330 mihi
321 2269 484 2332 faciendum
505 2267 616 2342 fuisset,
635 2268 740 2327 nullam
761 2291 824 2330 rem
843 2273 911 2334 tanti

231 2348 409 2419 aestimaffem
430 2371 439 2423 3
467 2348 515 2408 sed
546 2366 644 2408 tamen
670 2370 687 2407 a
713 2368 760 2409 me
786 2353 827 2411 ira
854 2351 912 2414 a&

231 2430 295 2489 sunt
320 2433 439 2503 omnia,
468 2450 528 2489 non
554 2445 586 2488 ut
617 2450 674 2511 ego
697 2431 737 2488 illi
763 2430 912 2496 assentiens

232 2511 353 2581 levior,
375 2509 423 2570 sed
448 2526 479 2569 ut
500 2510 549 2570 ille
579 2530 625 2569 me
652 2510 776 2589 probans
797 2518 912 2595 gravior

230 2590 390 2656 videretur.
411 2588 536 2668 Reliqua
556 2591 595 2648 sic
618 2610 700 2650 ame
722 2610 867 2672 aguntur,
883 2593 914 2656 &

234 2688 383 2751 agentur,
408 2686 440 2728 ut
462 2690 522 2729 non
543 2674 780 2747 comminamus,
798 2691 831 2733 ut
851 2695 914 2749 ea,

232 2771 297 2831 quae
312 2753 470 2832 gessimus,
484 2750 605 2811 fortuiti
621 2749 734 2833 gessille
748 2753 915 2816 videamur:

233 2852 316 2892 meos
336 2831 431 2890 bonos
453 2834 555 2905 viros,
574 2832 639 2891 illos
657 2853 729 2911 quos
750 2835 773 2891 si
796 2835 916 2910 nificas,

234 2914 266 2972 &
282 2932 367 2984 eam,
385 2933 471 2993 quam
489 2912 558 2971 mihi
577 2912 647 2972 dicis
662 2912 723 2973 obri
744 2855 814 2991 illi,
830 2916 918 2992 σείρ-

217 2996 299 3065 .laer,
319 3014 378 3057 non
402 2992 491 3057 model
513 3014 671 3075 numquam
690 2933 819 3059 deieram
837 3018 848 3073 ;
867 2995 917 3060 sed
