2117 3984
216 449 282 520 162
396 447 701 517 Eurorum

209 566 252 624 sin
272 560 383 624 vellent
404 559 499 622 nostrl
522 562 636 637 causti,
665 564 736 625 nihil
760 561 840 645 posse
861 563 886 628 le

208 646 318 703 invitis.
336 641 413 702 Nam
438 643 518 724 quod
542 643 667 717 scribis,
693 647 724 704 ni
747 645 789 705 ita
808 645 886 718 nolin

210 722 386 806 placuillet,
411 723 476 786 illos
495 724 553 785 hoc
574 725 653 785 idem
672 746 725 805 per
749 725 842 806 popul

210 804 385 867 allecuturos
403 802 484 865 fuille
505 825 515 878 3
544 807 642 866 invitis
661 805 782 866 tribunis
801 827 821 888 p
874 877 891 888 ..

212 885 276 947 fieri
294 885 374 946 nullo
397 886 487 947 modo
507 888 620 966 potuit:
643 887 682 946 ira
704 907 837 964 vereor,
887 899 892 954 ἶ

212 967 247 1027 &
266 965 356 1026 studia
372 966 552 1028 tribunorum
571 964 745 1028 amiserimus
762 989 772 1039 ;
796 967 829 1028 ὃ(
843 973 875 1044 ,J
889 1019 900 1050 ·.

212 1046 303 1108 studia
320 1063 478 1121 maneant,
498 1047 628 1108 vinclum
646 1048 717 1107 illud
735 1045 824 1128 adjun
843 1049 905 1120 eui!

214 1128 318 1189 dorum
327 1125 476 1189 consulum
487 1125 617 1187 amillum
630 1129 675 1188 sit.
685 1126 812 1189 Accedit
846 1129 853 1144 '
889 1119 905 1204 '5

214 1229 275 1269 non
292 1229 413 1289 parvum
432 1207 682 1282 incommodum,
701 1209 783 1288 quod
804 1209 899 1292 gravii

215 1290 264 1348 illa
283 1292 403 1369 opinio,
421 1306 453 1349 ut
469 1289 588 1369 quidem
606 1287 643 1346 ad
658 1307 712 1348 nos
731 1287 889 1370 perfeteht·

216 1385 279 1442 tur,
289 1369 416 1431 senatum
429 1369 499 1429 nihil
510 1368 684 1441 decernere,
694 1361 891 1452 antequam&

216 1450 303 1509 nobis
321 1449 414 1510 allum
436 1447 528 1523 effer,
550 1446 647 1509 amiffa
665 1446 724 1522 ell3
743 1449 904 1531 praeserfflss

218 1532 303 1592 inea
326 1531 434 1604 causa,
463 1551 528 1612 quae
551 1551 611 1591 non
631 1530 723 1591 modi)
746 1525 894 1594 neceffei‘d

217 1632 279 1672 non
303 1611 375 1687 fuit,
394 1612 443 1673 sed
462 1614 550 1672 etiam
572 1613 724 1686 inusitata,
747 1634 781 1674 uc
802 1617 897 1674 novel-

218 1711 314 1773 neque
329 1696 407 1752 enim
423 1713 561 1773 umquam
577 1693 699 1752 arbitror
713 1711 830 1754 ornatas
843 1689 896 1770 elle

219 1776 381 1851 provincias
393 1773 610 1854 designatorum
621 1791 688 1845 ;ut‚
701 1793 793 1854 quum
804 1777 833 1834 in
845 1773 902 1848 hoe

217 1852 268 1911 illa
286 1850 461 1925 constantia,
481 1871 546 1932 quae
566 1870 627 1913 erat
650 1853 716 1912 meri
736 1855 825 1916 causi
841 1851 896 1920 sus*

220 1947 322 2012 cepta,
341 1934 492 1992 imminuta
506 1936 558 2006 sit,
575 1933 644 1992 nihil
659 1930 718 2011 jam
735 1937 830 2014 possit
842 1941 898 2002 mil

220 2013 347 2074 decerni.
371 2013 435 2074 Jam
458 2012 521 2088 his,
540 2014 577 2074 ad
597 2034 670 2094 quos
691 2013 816 2076 relatum
834 2013 904 2090 estu

220 2095 319 2155 amicis
332 2093 483 2176 placuille,
497 2114 557 2155 non
570 2096 674 2153 mirum
686 2097 738 2156 sit:
751 2095 900 2158 eratenim

222 2174 338 2237 difficile
358 2178 509 2257 reperire,
534 2176 583 2255 qui
601 2191 702 2235 contra
720 2192 801 2237 tanta
818 2195 901 2238 con·

222 2257 312 2317 moda
323 2257 446 2318 duorum
459 2255 608 2316 consulum
643 2255 719 2315 alim
733 2255 901 2320 sententium

223 2338 331 2398 diceret
345 2358 352 2397 :
367 2337 421 2401 fuit
435 2339 557 2397 omnino
572 2277 686 2396 dilliiile
705 2358 766 2397 non
784 2335 845 2399 obs
893 2337 900 2352 '

222 2419 272 2479 vel
288 2420 460 2478 amicissimo
477 2417 587 2478 homini
605 2416 749 2492 Lentulo,
768 2419 818 2482 vel
891 2445 904 2466 ·

222 2498 314 2573 tello,
334 2502 383 2581 qui
396 2499 571 2559 simultatem
588 2499 792 2560 humanissime
810 2497 905 2580 depo·

224 2597 332 2641 neret:
359 2580 409 2640 sed
427 2601 533 2643 vereor
552 2599 589 2640 ne
611 2580 664 2639 hos
686 2595 783 2640 tamen
805 2595 905 2642 tenere

247 2662 403 2722 otuerimus
422 2706 431 2734 ,
458 2662 590 2722 tribunos
609 2659 700 2739 plebis
719 2659 905 2720 amiserimus.

225 2681 299 2802 ilaec
311 2762 356 2803 res
370 2740 616 2823 quemadmodum
628 2739 782 2811 ceciderit,
798 2739 831 2800 ὃ(
845 2755 905 2802 ton

227 2842 272 2883 res
285 2844 345 2903 quo
360 2822 426 2882 loco
444 2822 499 2894 sit,
515 2822 604 2881 velim
621 2822 657 2880 ad
675 2840 721 2880 me
738 2819 905 2893 scribam&

227 2904 268 2992 ita
283 2921 315 2964 ut
335 2900 489 2962 instituisti:
504 2922 572 2960 nam
585 2899 635 2959 ista
650 2905 775 2974 veritas,
796 2901 905 2961 etiamsi

229 2983 352 3124 {cunda
374 3004 432 3043 non
455 2979 521 3054 est,
548 2982 618 3044 mihi
638 2997 735 3044 tamen
755 2999 837 3065 grata
858 2977 905 3046 est

264 3081 302 3125 at.
323 3082 359 3124 tv
380 3063 422 3124 ld.
441 3062 587 3126 Decemb.
