2117 3984
217 482 283 577 178
332 487 336 492 ’
394 485 702 553 Errsroza

209 621 317 680 pueros
340 600 484 671 mittere;
511 619 585 678 qnos
612 600 674 658 sine
700 600 775 659 meis
796 598 898 661 litteris

207 684 249 742 ire
270 681 368 740 nolui:
384 699 446 739 non
467 678 526 759 qud
543 679 679 739 haberem
689 725 703 754 ‚.
762 680 803 739 od
820 683 898 758 ribi,

207 759 364 844 prasertim
377 759 436 840 jam
451 760 544 840 prope
559 758 708 840 prasenti,
737 762 900 836 ermetem

207 843 258 904 sed
275 860 307 904 ut
324 843 380 903 hoc
395 840 488 921 ipsum
501 839 714 922 significarem,
730 843 803 902 mihi
815 861 897 904 tuum

208 924 367 986 adventum
379 921 593 996 suavissimum,
606 922 899 1003 exspedatissimum·

208 1025 266 1085 que
284 1003 359 1065 elle:
374 1023 462 1084 quare
480 1002 588 1062 advola
602 1003 639 1063 ad
656 1025 711 1065 nos
726 1023 764 1065 eo
780 1007 895 1078 animo,

207 1103 241 1145 ut
263 1106 318 1146 nos
337 1103 440 1158 ames,
457 1101 485 1142 te
506 1086 596 1142 amari
615 1084 704 1144 scias:
727 1103 827 1147 cetera
845 1105 897 1147 co·

207 1163 502 1326 ’ἇῖξὲιῖῗῗὲῃῖὶῗ
517 1164 898 1328 93ξὶωέἐῖᾞῖςὶῗῶῗὶ

499 1289 510 1318 9

209 1347 259 1389 me
281 1331 330 1389 sis.
353 1326 485 1388 Perbelll
507 1323 638 1399 feceris,
662 1329 686 1386 si
705 1327 742 1386 ad
762 1349 820 1388 nos
839 1347 895 1390 ve-

209 1411 292 1470 nies:
309 1406 442 1470 offendes
463 1406 695 1489 designationem
717 1407 896 1488 Tyrannio·

207 1492 256 1550 nis·
268 1489 419 1551 mirificam
433 1491 466 1548 in
481 1488 620 1548 librorum·
637 1508 773 1548 meorum
792 1487 896 1550 biblio·

207 1571 293 1632 theca
314 1593 325 1645 3
350 1590 473 1653 quorum
494 1570 623 1652 reliquiae
645 1569 739 1629 multo
757 1571 899 1634 meliores

207 1650 293 1726 sunt,
308 1652 396 1733 quim
411 1669 553 1733 putaram.
579 1648 616 1710 Et
631 1650 722 1711 velim
738 1652 811 1710 mihi
827 1654 896 1712 min·

207 1749 251 1791 tas
268 1733 306 1793 de
324 1735 380 1792 tuis
401 1731 552 1791 librariolis
575 1731 650 1791 duos
670 1732 806 1812 aliquos,
828 1733 897 1814 qui-

207 1811 261 1872 bos
283 1811 439 1892 Tyrannio
463 1829 559 1871 utatur
579 1811 831 1893 glutinatoribus,
859 1813 897 1874 ad

208 1908 304 1952 cetera
319 1890 510 1965 administris,
529 1891 620 1973 iisque
639 1894 788 1974 imperes,
806 1909 840 1954 nt
852 1893 897 1954 su·

207 1989 288 2032 mant
299 1974 530 2033 membranulam
543 2017 552 2046 ,
565 1993 602 2033 ex
616 1995 673 2054 qua
686 1973 796 2034 indices
808 1971 900 2050 fiant,

207 2073 282 2133 quos
299 2075 355 2114 vos
372 2052 470 2115 Graeci
482 2098 491 2128 ‚
503 2070 536 2114 ut
551 2057 678 2135 opinor,
700 2054 823 2120 cmv'ssar
839 2077 897 2138 ap·

207 2133 332 2214 pellaris.
355 2133 415 2196 Sed
434 2136 495 2195 haec
516 2175 525 2209 ,
549 2136 572 2194 si
597 2136 650 2195 tibi
674 2137 729 2196 erit
755 2155 898 2198 commo·

207 2215 278 2275 dum
289 2233 300 2273 ε.
315 2218 323 2275 i
345 2216 374 2277 se
390 2217 460 2278 verb
478 2219 577 2296 utique
593 2214 639 2275 fac
656 2217 781 2290 venias,
799 2216 823 2274 si
842 2239 898 2298 po·

206 2313 252 2357 tes
272 2299 304 2357 in
325 2237 370 2358 lis
391 2300 462 2359 locis
490 2296 683 2357 adhaerescere
704 2340 714 2369 ,
737 2296 768 2356 &
792 2295 899 2359 Piliam

205 2378 372 2439 adducerer
395 2380 435 2440 ita
461 2381 539 2441 enim
565 2377 596 2436 8<
618 2397 734 2459 aequum
761 2374 833 2452 est,
863 2379 897 2438 δι

206 2461 287 2540 cupis
308 2458 417 2534 Tullia.
439 2458 556 2522 Medius
578 2456 661 2518 fidius
682 2479 726 2517 nse
750 2474 782 2517 ru
802 2457 899 2520 emisti

206 2540 305 2600 locum
324 2543 512 2621 praeclarum:
531 2540 702 2621 gladiatores
725 2538 814 2599 audio
833 2561 895 2620 pu-

207 2629 295 2701 gna're
316 2621 456 2683 mirifice:
475 2624 498 2681 si
514 2621 615 2681 locare
630 2617 764 2681 voluilles
783 2664 793 2692 ‚
815 2619 897 2681 duo-

206 2702 260 2761 bus
275 2703 318 2762 his
330 2703 494 2765 muneribus
510 2700 662 2763 liberasses.
676 2700 735 2762 Sed
749 2700 810 2760 hac
826 2699 896 2781 pos·

206 2785 307 2844 terilas.
324 2777 375 2844 Tu·
395 2781 440 2842 fac
458 2783 580 2858 venias,
599 2784 632 2846 &
650 2783 687 2844 de
708 2783 850 2856 librariis,
872 2784 900 2844 sl

208 2879 257 2926 me
277 2885 380 2939 amas,
398 2864 562 2946 diligenter.
