2117 3984
259 496 328 589 326
440 488 745 559 Errsrotae

254 605 389 690 ingressus
415 605 466 667 est.
491 604 552 666 Sed
576 603 744 686 accipienda
764 601 851 699 plaga
871 600 937 664 est:

254 687 349 748 sumus
377 689 457 748 enim
481 686 623 768 flagitiose
649 688 781 765 imparati
804 702 896 763 quum
920 703 938 743 a

253 769 391 828 militibus
405 813 415 843 ,
427 785 498 828 ¹tum
515 788 533 825 a
552 768 692 845 pecunia:
712 784 800 845 quam
817 763 936 844 quidem

255 869 374 909 omnem
394 892 404 922 ‚
423 869 484 909 uon
509 847 600 905 modo
625 849 799 924 privatam,
820 863 887 925 qute
905 843 936 902 iu

254 930 327 988 urbe
348 926 417 1001 est=‚
439 928 488 989 sed
509 929 597 987 etiam
619 927 766 1004 publicam
783 967 805 997 ‚.
821 944 887 1003 quae
906 923 936 982 in

257 1010 359 1069 aerano
379 1006 441 1082 est,
460 1010 501 1068 illi
521 1006 699 1085 reliquimus.
724 1004 883 1081 Pompeius
901 1001 937 1062 ad
979 1027 983 1032 ·

258 1088 389 1170 legiones
401 1086 534 1148 Attianas
547 1086 588 1147 ell
602 1084 765 1166 profusius:
778 1083 937 1143 Labienum

255 1167 352 1229 secum
376 1167 473 1229 habet.
498 1166 522 1227 E
543 1190 563 1228 o
582 1183 645 1225 tuas
666 1168 820 1245 opiniones
838 1163 876 1224 de
895 1162 939 1223 hir

259 1248 342 1308 tebus
356 1246 501 1328 exspeslo.
520 1189 653 1308 Formias
666 1266 714 1307 me
734 1243 876 1305 continuo
894 1260 940 1303 te·

257 1330 353 1409 cipere
376 1329 550 1409 cogitabam.

324 1462 330 1473 ·
356 1444 518 1510 Crcuno
555 1443 720 1508 Ara-reo
762 1445 868 1534 Sar..¹

264 1532 471 1625 emortuus
496 1564 619 1625 arbitror
642 1565 713 1624 milti
739 1580 803 1624 tuas
829 1564 940 1631 litteras

259 1644 385 1705 redditas
401 1643 478 1719 elle,
495 1644 545 1705 sed
563 1647 669 1725 primas
686 1643 878 1725 praepollete,
893 1667 941 1710 te·

260 1722 352 1802 liquas
366 1725 486 1798 ordine,
503 1746 562 1805 quo
581 1724 643 1784 sunt
655 1722 742 1783 millae
758 1745 813 1806 per
826 1723 943 1790 Teren-⁶

258 1804 338 1862 tiam.
359 1802 410 1864 De
426 1805 568 1864 mandatis
590 1802 731 1875 caesaris,
751 1804 941 1891 adventuque

259 1878 397 1956 Labieni,
420 1884 613 1962 &responsis
635 1882 782 1944 consulum
803 1906 839 1945 ac
858 1886 943 1950 Pom·

260 1961 943 2109 5²³l21s⁶unsdssl³÷¹²lzl³³’tunel

260 2122 290 2179 in
315 2064 621 2203 eamdempepistolani
639 2065 763 2202 {onjetlii
815 2147 872 2187 unc
891 2127 942 2188 bas

259 2197 484 2283 etspeslationes
495 2205 634 2264 habemus
648 2205 735 2275 duas3
750 2225 857 2279 unam,
872 2207 944 2288 quid

260 2280 356 2342 Caesar
380 2283 489 2344 ablutus
510 2287 574 2357 sit,
602 2305 691 2365 quum
710 2287 854 2364 acceperit
875 2306 939 2362 ea,

281 2383 324 2421 uae
339 2363 491 2424 referenda
508 2365 546 2424 ad
561 2365 642 2424 illum
659 2365 725 2424 data
742 2364 806 2426 sunt
823 2364 857 2425 l..
874 2363 944 2427 Ce-

260 2381 331 2515 lari3
347 2442 489 2519 alteram,
508 2445 578 2527 quid
598 2444 753 2526 Pompeius
773 2468 788 2505 a
810 2463 839 2506 at
859 2465 866 2503 ε
893 2447 943 2528 qui

261 2523 379 2659 peridem
399 2525 436 2584 ad
457 2544 506 2585 me
527 2525 647 2598 scribit,
668 2528 766 2604 paucis
787 2466 887 2585 §iebus
910 2524 942 2587 se

282 2623 375 2663 rmum
403 2607 562 2667 exercitum
588 2606 782 2677 habitum,
802 2605 943 2687 spemque

261 2679 365 2757 affert,
381 2686 404 2743 si
417 2688 447 2745 in
465 2684 599 2746 Picenum
618 2706 715 2767 agrum
733 2684 794 2765 ipse
810 2688 945 2762 venerit,

261 2782 317 2823 nos
332 2763 459 2824 Romam
477 2766 619 2826 rediurros
636 2765 702 2826 elle.
720 2765 882 2826 Labienum
902 2763 946 2828 se·

263 2861 329 2902 tum
347 2844 455 2917 habet,
472 2867 533 2904 non
553 2844 732 2907 dubitantem
755 2847 792 2906 de
810 2847 947 2906 imbecil-

262 2923 342 2983 litate
365 2922 484 2984 Caesaris
508 2928 681 3005 copiatum3
707 2924 788 3002 cujus
815 2927 945 2988 adventu

264 3000 369 3063 Cuaeus
379 3001 474 3065 nollet
484 3005 578 3068 multo
588 3009 675 3068 animi
687 3008 750 3088 plus
762 3007 863 3069 habet.
878 3006 946 3069 Nos
