2117 3984
237 336 284 404 60
360 349 374 410 .'
422 333 726 402 Enteroz'a
901 409 904 414 ,
963 415 973 430 ι

235 448 273 508 de
298 447 371 541 meis
391 443 499 527 scriptis
521 448 660 506 mittam:
683 445 755 507 nihil
775 463 838 510 erat
851 441 916 510 ‘aba
962 445 973 464 “

236 527 495 670 somcrcauo
538 606 701 670 Ara-aco
744 573 841 669 Snn.¹

239 776 287 832 17·
299 730 406 824 llllte
415 781 464 822 ua
476 760 547 820 mihi
556 763 679 821 varietas
689 761 870 837 voluntaris,
885 759 918 824 δι

236 839 438 904 dissimilitudo
455 843 625 921 opinionis,
644 863 677 902 ac
695 839 793 920 judicii
810 842 918 922 Quinti

237 917 331 982 fratris
340 925 413 995 mei,
427 921 619 982 demonstrata
629 920 670 982 est
682 941 717 983 ex
733 923 834 984 litteris
847 926 920 998 iuis,

236 1000 268 1060 in
290 1006 390 1084 quibus
407 1003 443 1063 ad
461 1023 509 1062 me
528 1001 710 1083 epistolarum
727 1004 802 1063 illius
819 1023 919 1065 exem·

238 1082 287 1163 pla
305 1082 420 1143 misisti:
441 1105 497 1164 qua
515 1102 552 1142 ex
572 1103 626 1155 re,
653 1084 684 1142 ὃ(
708 1080 839 1144 molellii
857 1083 919 1145 sum

239 1166 318 1223 tanti
339 1163 476 1238 affectus,
495 1180 631 1244 quantam
650 1163 721 1222 mihi
738 1183 820 1223 meus
837 1185 921 1224 amoc

239 1242 366 1304 summus
394 1265 462 1326 erga
489 1261 642 1324 utrumque
665 1242 791 1304 vestnlm
818 1243 921 1305 afferre

241 1325 340 1385 debuit
359 1346 370 1398 3
393 1324 630 1383 &admiratione
651 1368 661 1396 ‚
684 1322 822 1404 quidnam
839 1327 921 1384 acci·

241 1403 323 1466 disset
341 1450 350 1477 ‚
369 1407 449 1488 quod
469 1403 583 1464 afferret
611 1403 727 1482 Quinto
747 1402 828 1462 fratri
851 1425 921 1466 meo

241 1507 289 1546 aut
310 1485 503 1547 offensionem
518 1502 578 1544 tam
592 1504 735 1566 gravem,
763 1501 812 1544 aur
832 1504 921 1544 corn-

241 1570 431 1626 mutationem
443 1584 550 1625 tantam
560 1567 726 1626 voluntatis.
737 1561 778 1622 At
799 1585 836 1626 ue
849 1563 922 1626 illud

241 1666 258 1704 a
269 1666 317 1706 me
330 1645 388 1723 jam
400 1648 465 1704 ante
477 1646 706 1725 intelligebatur,
718 1586 799 1723 quod
807 1661 837 1704 re
850 1667 922 1726 quo·

241 1745 297 1806 que
317 1726 408 1805 ipsunt
432 1725 627 1785 discedentem
648 1747 665 1784 a
686 1724 770 1784 nobis
790 1723 923 1804 suspicati

240 1807 405 1879 videbam,
436 1801 542 1865 subelle
566 1804 661 1865 nescio
686 1804 755 1883 quid
774 1807 923 1884 opinionis

240 1886 436 1945 incommodae
455 1931 465 1959 ,
487 1883 668 1963 sauciumque
692 1883 754 1962 ejus
773 1888 923 1959 animum;

239 1966 273 2026 &
292 1964 421 2026 insedille
446 1964 582 2047 quasdam
602 1966 713 2025 odiolas
732 1963 920 2045 suspiciones:

262 2047 344 2105 uibus
365 2067 422 2128 ego
440 2047 551 2106 mederi
575 2066 663 2125 quum
684 2065 820 2124 cuperem
837 2065 922 2107 antea

240 2068 346 2209 sape,
376 2130 408 2188 ὃ(
428 2130 629 2189 vehementibs
648 2128 735 2187 etiam
756 2125 820 2205 post
838 2127 923 2188 soni-
962 2149 967 2160 ·

239 2209 350 2272 tionem
370 2213 549 2290 provinciae,
572 2228 626 2266 nec
648 2224 758 2266 rantum
781 2207 925 2289 intellige·

239 2289 309 2350 bam
332 2292 360 2349 ei
380 2290 435 2349 esse
456 2288 622 2347 offensionis
639 2330 650 2359 ‚
667 2306 805 2367 quantum
819 2286 926 2347 litterae-

239 2387 297 2430 tuae
320 2370 487 2441 declarant3
509 2388 564 2427 nec
586 2385 695 2428 tanturn
717 2364 925 2446 proficiebam,

240 2467 381 2529 quantum
408 2449 571 2509 volebam:
600 2447 649 2506 sed
674 2466 771 2507 tamen
793 2446 850 2507 hoc
872 2467 922 2508 me

240 2528 300 2609 ipse
322 2527 515 2600 consolabar,
540 2528 620 2605 qubd
640 2549 700 2586 non
725 2526 923 2603 dubitabam,

242 2611 311 2689 quin
332 2626 360 2669 te
385 2609 434 2668 ille
453 2626 500 2668 aut
521 2606 725 2686 Dyrrhachii,
746 2610 843 2667 autin
866 2606 924 2669 istis

240 2689 310 2751 locis
337 2688 446 2767 uspiam
472 2686 581 2747 visurus
603 2686 696 2748 effer:
724 2688 804 2766 quod
833 2708 928 2769 quum

240 2768 381 2830 accidisset
400 2790 409 2841 ;
431 2768 638 2844 confidebam,
661 2790 692 2827 ac
714 2771 784 2828 mihi
805 2768 925 2847 persua-

241 2847 332 2913 seram
354 2850 446 2926 sore,
470 2866 502 2911 ut
525 2852 623 2911 omnia
649 2850 827 2930 placarentur
849 2852 929 2917 inter.
