2117 3984
262 477 327 528 Ar)
345 461 554 528 Arrrcrsrr
572 459 719 540 ΜΝ.
763 487 830 558 2³9

145 559 188 638 bis
207 590 240 636 ru
263 575 290 634 si
318 573 451 649 adelles,
472 573 542 635 nihil
562 579 705 640 timerem.
729 575 835 642 Redeo

146 657 181 718 ccl
195 655 333 727 urbana3
348 675 413 736 qoae
423 673 481 738 ego
495 655 546 716 diu
563 659 714 740 ignorans,
730 680 767 721 ex
778 665 834 723 ruis

147 735 361 818 jocundissimis
382 735 482 798 licrcris
495 757 521 798 a.
543 737 571 798 tl.
584 745 610 798 'v
628 735 695 800 Kal.
710 739 771 802 lan.
784 743 837 804 dc-

148 821 230 900 nique
250 817 386 900 cognovi
404 838 413 876 ι
430 835 479 878 cas
498 817 717 902 diligentissimi
735 819 836 882 Philo-

148 913 232 982 genes
253 897 378 994 libertus
399 912 465 994 trrus
484 899 594 958 curavit
616 901 780 982 perlongi,
804 903 835 964 ὃ(

148 977 643 1140 'ffirilziiliiliflii
657 1001 839 1142 stili

131 1139 281 1204 ,iocundi
301 1137 342 1200 dc
360 1137 494 1214 cesare,
513 1139 545 1200 &
564 1157 627 1222 quae
646 1139 758 1204 senatus
780 1143 840 1203 de-

150 1221 266 1300 crevit,
283 1219 320 1280 ἂ
340 1239 405 1300 quse
425 1235 458 1280 ιιι
478 1215 573 1302 speras
592 1241 599 1280 :
618 1223 719 1303 quibus
741 1223 788 1283 ille
814 1226 839 1283 si

154 1301 255 1376 cedit,
277 1299 352 1362 salvi
372 1299 477 1362 sumus.
500 1301 639 1362 lnccndio
666 1302 838 1366 Plaetoriano

207 1379 342 1444 rlLeius
370 1379 481 1442 adustus
502 1379 569 1456 est,
598 1385 692 1443 minis
717 1383 837 1460 moleste

213 1505 223 1524 .
242 1461 391 1522 bucceius
406 1459 444 1522 cle
465 1459 509 1540 Q
524 1459 628 1522 Cassio
647 1483 696 1522 cur
709 1479 768 1523 tam
787 1484 842 1524 ve·

158 1543 270 1606 beneio
290 1541 402 1616 suerit,
423 1541 454 1602 &
473 1541 542 1624 quid
570 1541 663 1602 aiium
691 1546 748 1618 sit,
767 1563 841 1604 aveo

155 1621 231 1686 seire.
254 1617 354 1706 Ego,
386 1641 475 1718 quum
503 1619 678 1684 Laodiceam
706 1643 841 1696 venero,

153 1701 290 1786 Quinto,
303 1701 414 1764 'sororis
434 1721 489 1764 ture
509 1701 571 1763 filio
588 1748 598 1778 ,
622 1721 719 1788 togam
740 1721 842 1786 puram

152 1781 350 1948 me
370 1785 447 1874 :cui
470 1783 646 1845 moderabor
669 1783 843 1868 diligentiis.

152 1885 157 1896 “
324 1879 429 1942 ,cujus
441 1865 550 1925 auxiliis
563 1866 673 1948 magnis
683 1865 747 1927 ufus
761 1866 840 1941 sum,

153 1945 325 2022 crimem
336 1943 464 2026 scripsit,
483 1961 549 2005 cum
565 1944 754 2008 Ciceronibus
767 1947 843 2006 Lao-

157 2025 271 2090 diceam
288 2034 428 2086 venturus
445 2039 518 2086 erat.
536 2019 615 2087 Tuas
633 2030 719 2087 etiam
739 2025 844 2106 Epiro·

159 2107 232 2168 sicis
255 2102 392 2188 exspolio·
417 2105 545 2181 litteras,
563 2125 594 2167 ut
614 2107 736 2166 habeam
757 2109 843 2165 ratio-

136 2198 299 2252 .'nemnor1
309 2185 404 2246 modo
420 2189 531 2246 necotii
545 2230 555 2259 ‚
571 2189 674 2247 verim
686 2189 773 2245 etiam
791 2188 844 2245 otii

161 2269 214 2330 rui
228 2261 358 2328 Nicanor
376 2267 406 2325 in
425 2237 522 2327 cilicio
539 2263 602 2340 est,
619 2267 651 2326 δι
670 2287 685 2324 a
704 2281 752 2325 me
767 2266 845 2325 libe-

157 2348 256 2410 saliret
270 2347 406 2408 efficiatur
423 2368 430 2404 :
443 2367 550 2428 quem,
564 2366 596 2406 ut
612 2361 705 2428 puto,
720 2345 846 2406 Romam

152 2430 227 2490 'mm
243 2425 346 2489 biteris
365 2423 487 2509 publicis
510 2430 623 2488 mitram
641 2447 650 2501 ;
666 2446 699 2487 ut
719 2427 846 2508 diligen-

151 2507 213 2572 'rlirs
253 2523 257 2531 ·
317 2525 434 2583 ranno,
447 2507 478 2567 δι
493 2510 575 2568 idem·
592 2508 628 2567 ad
645 2527 693 2568 me
713 2525 790 2568 cerra
808 2509 845 2570 de

150 2601 212 2666 re,
279 2607 344 2650 are
363 2585 479 2650 referas.
496 2588 597 2649 Alexis
611 2589 691 2670 quod
711 2589 781 2666 mihi
798 2607 847 2651 to·

150 2669 214 2734 ”des
224 2669 349 2730 salntem
362 2669 493 2729 adscribit
506 2716 515 2744 ‚
530 2667 569 2729 est
587 2681 696 2748 gratum
711 2691 718 2730 τ
731 2670 781 2731 se'd
794 2692 844 2734 cur

161 2771 220 2814 που
239 2747 297 2812 suis
308 2749 409 2812 litteris
425 2750 502 2810 idem
521 2747 609 2825 facit,
624 2749 703 2836 qu'od
716 2765 796 2813 meus
808 2752 846 2812 ad

160 2849 190 2894 rc
207 2831 314 2893 Alexis
336 2827 406 2892 freis
425 2829 438 2889 i
456 2829 576 2891 Phemio
603 2833 736 2912 quieritur
762 2837 847 2903 seipas.

161 2909 219 2974 sed
235 2912 301 2972 lraec
317 2911 463 2974 bacienus.
484 2909 583 2985 Cura,
600 2931 632 2972 ut
645 2913 759 2986 valeas,
773 2910 804 2967 &
816 2924 849 2967 ut

161 2993 272 3072 sciam,
292 2992 409 3078 quando
422 2995 531 3076 cogites
546 2991 685 3058 Romam.-
700 2991 793 3052 Etiam
807 3003 850 3064 at·¹
