2117 3984
338 427 403 500 180
521 428 825 498 amaron

329 542 408 624 quod
433 541 466 602 δι
490 541 547 623 ipsi
570 545 726 624 probatem
742 587 756 617 ,-
773 544 860 606 laetatl
883 543 923 622 ¹l'ut

326 642 395 682 men
413 642 461 683 me
483 643 584 684 contra
608 623 739 703 Pompeii
759 626 923 687 voluntatet

254 712 258 720 ’
325 701 395 763 xille
411 702 422 762 i
441 702 505 763 finis
525 725 533 763 :
559 703 762 785 sedquoniam
782 709 834 786 qui
846 707 918 767 nihil

328 782 415 857 sunt,
436 786 523 846 lime
543 786 645 845 nolunt
666 804 790 858 amare3
819 783 921 848 demus¹

327 884 390 922 ram
407 881 439 924 ut
454 863 490 924 ab
504 868 538 924 iis
553 867 601 946 qui
617 863 749 943 poliunt,
769 868 922 949 diligamur

326 964 394 1005 ces:
408 947 515 1006 vellem
530 943 713 1024 jampridem.
735 945 803 1005 Scio
822 967 851 1009 te
868 949 920 1009 vol

327 1026 361 1085 &
380 1046 428 1086 me
445 1030 554 1085 asinum
573 1046 740 1108 germanum
757 1025 837 1087 suilla
858 1048 866 1087 t
886 1027 923 1090 set

325 1123 442 1187 tempus
457 1106 497 1166 est
511 1127 558 1167 me
570 1106 660 1185 ipsum
674 1128 691 1165 a
705 1126 752 1166 me
766 1109 877 1182 amari,
894 1131 923 1186 qt

323 1186 361 1245 ab
374 1186 428 1247 illis
442 1187 521 1247 nullo
534 1188 624 1247 modo
635 1185 756 1267 polium.
768 1186 904 1247 Domum
915 1209 923 1249 1

326 1267 405 1347 quod
424 1268 526 1328 ctebrb
548 1271 669 1342 invisis,
688 1266 729 1327 est
748 1268 819 1327 mihi
837 1269 923 1330 valde

323 1365 396 1407 tum.
415 1347 561 1408 Viaticum
580 1347 728 1429 Crassipes
748 1347 923 1429 ptaeripit.'l

324 1429 373 1489 via
392 1427 468 1488 retia
484 1432 514 1489 in
533 1430 650 1490 hortos:
669 1430 783 1488 videtur
804 1450 923 1490 commo

322 1509 361 1568 ad
386 1526 415 1569 te
438 1508 573 1588 postridie
592 1509 721 1581 scilicet-3
739 1510 808 1589 quid
828 1513 909 1570 enim

323 1588 373 1648 sed
388 1590 553 1651 viderimus.
569 1590 777 1650 Bibliothecam
796 1591 867 1650 mihi
885 1592 924 1662 tui

322 1690 426 1732 xerunt
446 1670 654 1733 consttullione
675 1671 707 1731 &
725 1670 858 1752 sillybis:
876 1691 924 1733 eot

320 1750 371 1808 lim
390 1750 499 1810 laudes.
762 1789 765 1794 -

432 1865 593 1930 Cteauo
621 1869 775 1932 Amce
802 1868 887 1934 Sua.

320 1960 431 2053 &Da
454 1988 578 2051 Lentulo
599 1987 707 2050 scilicet
727 1993 767 2050 sic
791 1989 876 2065 feto,
895 2011 924 2055 ut

319 2071 403 2131 beo:
425 2072 520 2132 virum
542 2071 674 2145 bonum,
699 2070 730 2129 &
751 2075 924 2151 magnumh

317 2170 388 2212 nem
408 2198 417 2227 ‚
441 2151 473 2211 &
498 2154 527 2211 in
553 2150 661 2210 summa
689 2152 888 2231 magnitudine
914 2176 924 2214 a

317 2234 410 2295 multi
440 2233 615 2292 humanitate
645 2249 838 2311 temperatum
869 2253 922 2312 pet

317 2334 400 2387 mus3
418 2313 526 2393 nosque
549 2313 626 2371 malo
644 2311 765 2383 solatio,
783 2311 832 2371 sed
855 2335 924 2374 nom

314 2410 437 2466 tamen,
457 2394 637 2454 consolamur
657 2436 667 2465 ‚
692 2390 771 2473 quod
791 2394 880 2471 ipsius
903 2418 923 2455 v

313 2474 434 2532 minime
452 2475 603 2545 dolemus,
622 2493 681 2531 non
699 2490 730 2531 ut
744 2471 875 2534 Saufeius
889 2476 922 2535 δι

313 2554 352 2611 tri
370 2574 379 2625 3
401 2558 491 2614 immo
516 2553 631 2613 hercule
658 2556 724 2632 quia
744 2556 784 2613 sic
805 2555 922 2615 amabat

312 2635 427 2704 triam,
449 2650 480 2692 ut
500 2634 572 2691 mihi
590 2634 685 2710 aliquo
707 2634 832 2693 deorum·
850 2637 924 2697 bene

312 2713 443 2774 videatur
472 2732 508 2774 ex
537 2710 598 2787 ejus
623 2714 759 2773 incendio
783 2713 839 2775 effe
868 2735 924 2797 ere]

312 2792 389 2853 Nam
408 2792 476 2873 quid
499 2790 605 2851 foedius
627 2790 723 2851 nostrai
741 2794 825 2855 vitai?
848 2817 924 2876 praec

313 2874 411 2936 mei?
439 2892 505 2931 nam
531 2888 563 2931 tu
588 2872 734 2953 quidem,
761 2878 815 2935 etsi
839 2896 870 2936 es
894 2898 924 2937 na

310 2955 468 3029 πολιτικὰ,
492 2973 590 3015 tamen
608 2954 716 3015 nullam
738 2954 826 3018 habes
844 2979 925 3040 propa
