2117 3984
256 470 331 548 ,280
438 469 738 540 EPISTOLAE
816 504 818 509 ·

253 630 279 655 ·-
361 600 845 666 CrcnnoAsurco-Snr..‘

255 688 534 807 '60Qu'ltsrus
555 721 661 796 filius,
689 714 744 803 pie¹
770 722 867 797 sane,
896 742 934 787 nte

260 805 379 886 quidem
395 805 472 865 certe
488 803 609 864 multum
626 802 784 877 hortante,
809 802 862 864 sed
883 825 935 867 cur·

260 902 404 955 rentem,
431 886 558 943 animum
586 884 674 963 patris
705 880 748 942 sui
771 882 867 944 sorori
890 903 935 945 tue

257 960 455 1025 reconciliavit
477 984 491 1032 ι,
508 983 576 1025 eum
594 962 679 1023 valde
704 966 794 1024 etiarn
818 981 876 1025 tuae
895 964 934 1045 lit-¹

259 1060 330 1105 terae
355 1045 521 1104 excitarunt.
551 1041 634 1122 Quid
659 1042 797 1124 quaeris?
828 1042 936 1119 confide

260 1145 342 1197 rem,
359 1140 391 1183 ut
414 1122 570 1196 volumus,
590 1118 656 1182 elle.
678 1121 727 1181 Bis
748 1124 787 1183 ad
809 1138 840 1195 te
865 1143 935 1203 antea

260 1203 358 1284 scripsi
378 1203 415 1262 de
431 1223 544 1263 remea
560 1201 711 1275 familiari,
734 1205 759 1263 si
780 1204 877 1265 modb
895 1205 936 1264 tibi

256 1284 380 1345 ‘redditae
400 1284 500 1344 litterae
518 1282 610 1359 sunt,
635 1279 747 1343 Graece'
759 1287 788 1347 iz
818 1284 935 1359 adalpoli.

255 1362 375 1424 ‘Scilicet
395 1362 465 1423 nihil
486 1360 527 1423 est
546 1362 750 1425 movendum:
772 1360 825 1422 sed
851 1372 935 1425 tamen

258 1451 364 1518 ’ἑφῐλῦς
380 1443 593 1529 pereundando
615 1442 651 1505 de
669 1442 839 1502 nominibus
854 1442 934 1504 lfilo-

257 1525 330 1598 nis,
348 1523 380 1582 &
393 1542 424 1584 ut
437 1523 571 1605 expediat
584 1568 595 1598 ,
610 1540 643 1584 ut
655 1522 725 1582 mihi
738 1542 806 1583 rece
831 1525 853 1584 it
863 1516 935 1599 ,ltel-

260 1603 376 1678 tand0,
395 1604 501 1685 aliquid
523 1607 562 1664 ita
579 1621 610 1664 tu
626 1601 772 1684 proficies.
787 1545 855 1687 ngo
868 1602 934 1665 Iao*

263 1682 353 1745 diceae
381 1682 553 1765 quaestorem
582 1683 754 1746 Mescinium
784 1682 933 1764 exspectare·

263 1760 349 1841 jussi,
364 1782 396 1823 ut
410 1762 555 1825 confedas
571 1767 695 1824 rationes
707 1764 773 1846 lege
785 1764 886 1825 Julita
903 1762 933 1841 ud

264 1841 335 1901 duas
351 1844 482 1903 civitates
495 1846 604 1924 possim
622 1846 793 1925 relinquere.
808 1786 933 1913 Rhodum

263 1923 336 1982 volo
354 1943 510 2001 puerorum
521 1923 607 1982 causi
624 1945 633 1998 ;
650 1923 716 1983 inde
734 1928 933 2006 quamprimum

263 2000 415 2077 Athenas,
440 2006 492 2063 etsi
517 1998 622 2065 Eteslae
646 2003 730 2065 valde
750 2004 856 2064 reflant
872 2027 879 2065 ε
896 2002 933 2063 led

286 2082 349 2144 lane
368 2085 439 2145 volo
459 2084 501 2144 his
516 2081 736 2166 magistratibus,
753 2106 879 2164 quorum
890 2106 933 2144 vo·

257 2101 404 2238 'luntatem
430 2167 460 2223 in
488 2163 693 2244 supplicatione
719 2162 782 2223 sum
802 2182 933 2247 expertus.
978 2198 979 2203 κ

265 2241 315 2303 Tu
337 2260 434 2305 tamen
456 2246 538 2304 mitte
562 2244 656 2317 mihi,
678 2243 773 2324 quaeso
794 2290 804 2320 ,
830 2247 933 2307 obviam

264 2324 388 2399 litteras,
399 2345 467 2384 num
478 2324 548 2405 quid
559 2332 642 2404 pute's
655 2325 820 2405 reipublicae
830 2330 933 2388 nomine

265 2405 435 2466 tardandum
448 2404 503 2466 ell'e
520 2404 615 2466 nobis.
634 2402 705 2464 Tiro
719 2404 756 2464 ad
779 2423 809 2467 te
830 2404 936 2468 dedillet

265 2483 391 2557 litteras,
406 2487 459 2545 nisi
480 2505 547 2546 eum
567 2489 690 2567 graviter
707 2507 731 2546 ae
751 2507 817 2546 rum
835 2486 935 2550 Issire'·
976 2512 979 2527 ¹

266 2563 407 2644 liquillem
424 2564 494 2626 :sed
507 2569 659 2640 nuntiant,
680 2506 783 2627 melus
802 2566 936 2651 effetego

255 2641 366 2703 'tamen
383 2668 419 2705 an
440 2668 473 2704 or
493 2646 585 2706 :nihil
605 2648 681 2706 enim
695 2647 748 2708 illo
762 2647 938 2714 adolescente

259 2721 383 2800 castius,
398 2667 467 2786 nfitil
485 2725 656 2808 diligentius·
