2117 3984
157 1715 160 1720 .
270 1663 308 1720 sit

276 418 342 490 160
452 414 757 484 Emrom
971 471 984 507 .,

268 554 317 595 me
339 528 444 592 referre
464 551 525 592 non
545 529 718 604 dubitarint,
743 525 853 590 scilicet
869 527 944 610 quid
965 579 969 606 ς

269 611 480 676 observandum
502 610 574 671 illud
593 627 681 692 caput
699 630 759 669 non
777 609 944 690 putabant,
964 597 984 682 Ji*

267 694 359 754 iidem
386 694 417 752 in
440 691 608 774 abrogando
632 708 693 751 tam
714 692 790 750 cauti
815 687 920 753 fuerint
945 677 984 753 ..ζ’

268 792 301 836 ut
312 775 343 834 id
353 789 535 847 metuerent,
549 771 632 832 soluti
645 791 734 852 quum
747 767 857 846 effent3
870 793 890 854 q
946 781 958 851 ’ἢ

269 875 307 916 ne
329 857 363 915 iis
386 854 533 935 quidem,
559 854 609 933 qui
631 853 697 935 lege
717 867 885 928 tenentur,

269 935 437 996 curandum.
450 933 484 994 Id
501 950 587 1013 caput
604 931 670 992 sani
684 933 776 994 nolim
791 953 888 996 novos
900 933 945 994 ui·

269 1015 364 1078 bunos
384 1013 477 1095 plebis
495 1012 570 1074 ferre
591 1011 668 1074 :rsed
687 1011 836 1096 perferant
860 1011 943 1076 modo

311 1095 413 1156 idlibet
436 1114 443 1153 :
466 1114 526 1154 uno
555 1094 648 1173 capite
671 1139 681 1170 ,
708 1115 768 1175 quo
787 1093 942 1156 revocabo:
963 1131 984 1225 ἦ.

269 1115 396 1317 ξυιιιοόὸ
419 1195 464 1234 res
486 1171 689 1248 conficiatur)
711 1194 764 1236 ero
788 1191 943 1244 contentus,

287 1277 335 1316 am
356 1254 466 1316 dudum
489 1253 581 1337 pudet
604 1271 663 1316 tam
685 1255 774 1314 multa
796 1251 941 1318 scribere:
969 1242 984 1282 ¹¹

270 1357 376 1398 vereor
391 1338 493 1408 enim,
509 1356 547 1397 ne
563 1355 594 1396 re
612 1333 671 1412 jam
688 1334 839 1417 desperati
857 1337 883 1398 le
927 1353 942 1411 ,ἦ
968 1318 984 1401 ⁵:

271 1436 303 1479 ut
331 1418 393 1477 haec
415 1437 482 1477 mea
504 1417 654 1497 diligentia
679 1413 846 1478 miserabilis
867 1355 930 1492 of:
949 1402 984 1538 i

270 1499 333 1560 alis
349 1497 493 1559 irridenda
507 1497 656 1559 videatur:
674 1495 724 1557 sed
745 1499 769 1558 si
785 1495 827 1558 eo
845 1459 944 1580 inquii
970 1540 984 1608 i

268 1579 329 1640 ins
344 1599 381 1653 e,
395 1580 464 1640 vide
476 1579 590 1660 legem,
606 1599 691 1660 quam
704 1575 743 1637 T.
756 1575 848 1639 Fadio
865 1573 944 1662 scrip*
973 1609 984 1635 i.

321 1601 472 1720 i'isellius:
486 1679 522 1719 ea
534 1659 603 1718 mihi
617 1658 764 1740 perplacet
777 1679 785 1718 ε
798 1679 868 1720 nam
880 1657 945 1739 δατ
969 1688 976 1702 ·

269 1741 302 1798 tii
325 1737 440 1814 nostri,
463 1759 549 1818 quam
569 1758 601 1800 tu
619 1739 671 1799 tibi
689 1739 806 1820 probari
826 1739 945 1816 scribis,

270 1819 341 1877 mihi
361 1841 421 1878 non
442 1820 546 1899 placet.
564 1817 667 1880 Tertia
683 1817 723 1880 est
738 1817 861 1900 epistola
878 1819 946 1902 prid.
977 1852 984 1907 ἰ

268 1897 313 1958 ld.
333 1896 482 1960 Novemb.
503 1899 588 1971 data;
609 1901 638 1958 in
659 1921 715 1981 qua
736 1903 860 1981 exponis
878 1921 946 1984 prus·
975 1917 984 1964 i

270 1978 372 2039 denter
392 1979 425 2040 &
444 1978 616 2060 diligenter,
635 1982 792 2060 quaesiui,
889 2001 946 2044 rem

269 2057 403 2120 distinere
423 2060 593 2134 videantur,
615 2060 652 2120 de
675 2058 794 2136 Crasso,
831 2083 848 2124 e
866 2061 947 2126 Pom·

264 2143 359 2222 poio,
381 2140 417 2202 de
437 2143 548 2202 ceteris.
574 2140 676 2220 Quare
698 2163 750 2202 oro
772 2160 829 2218 te,
852 2163 905 2221 ut,
925 2145 948 2206 si

270 2243 327 2303 qua
342 2220 406 2302 spes
422 2226 475 2283 erit
496 2220 575 2302 poffe
596 2222 691 2282 studiis
709 2223 874 2300 bonorum,
887 2245 948 2288 auc·

270 2306 405 2377 toritate,
422 2304 604 2364 multitudine
621 2304 786 2383 comparati
802 2325 867 2365 rem
882 2325 948 2368 coo·

271 2383 340 2458 fici,
361 2385 413 2444 des
433 2404 554 2465 operam
573 2402 605 2444 ut
620 2404 678 2442 uno
696 2387 808 2463 impetu
827 2385 947 2467 perfrin-

271 2480 379 2547 gatur3
399 2466 430 2525 in
454 2485 520 2524 eam
541 2486 603 2525 rem
622 2465 797 2539 incumbas,
821 2465 948 2530 ceteros-

271 2565 329 2625 que
347 2548 474 2606 excites:
494 2549 560 2620 sin,
580 2563 611 2606 ut
628 2566 684 2627 ego
699 2543 843 2626 perspicio
861 2565 948 2630 quum

271 2625 320 2686 tui
334 2624 497 2705 conjeohiri
508 2671 517 2700 ,
528 2644 591 2687 tum
605 2629 691 2687 etiam
708 2626 793 2701 mei,
806 2625 869 2708 spei
882 2627 949 2690 nihil

271 2704 334 2777 est3
351 2728 404 2768 oro
422 2704 606 2787 obtestorque
622 2724 670 2780 te,
688 2726 719 2767 ut
738 2706 885 2786 Quintum
898 2707 951 2770 fra·

271 2804 347 2847 trem
371 2809 479 2861 ames,
504 2807 591 2867 quem
618 2807 673 2868 ego
697 2787 832 2848 miserum
852 2787 951 2852 miset&

273 2868 386 2948 perdidi
404 2888 414 2942 3
438 2887 513 2927 neve
536 2868 604 2948 quid
622 2887 689 2926 eum
711 2870 818 2948 patiare
838 2873 950 2952 gravius

274 2949 420 3028 consulere
439 2947 476 3009 de
495 2947 523 3008 se
546 2992 556 3024 ,
585 2947 671 3030 quim
692 2949 829 3030 expediat
849 2950 953 3024 sorori>
