2117 3984
95 280 258 338 omnibus:
279 277 390 338 Rosciae
407 277 488 357 legi,
506 279 594 337 etiam
610 277 673 338 fru-

88 361 129 418 iae
143 357 359 418 minitabantur.
376 354 451 418 Sani
466 376 512 418 res
527 376 589 418 erat
605 379 673 438 per·

88 461 105 500 ι.
128 435 276 518 Equidem
299 438 484 510 malueram,
512 439 671 517 quoderat

89 539 144 580 um
168 518 208 580 ab
227 519 282 578 iilis
297 563 307 591 ,
325 519 441 579 silentio
463 521 601 578 transire:
621 519 671 580 sed

105 619 148 660 ne
168 620 231 660 non
250 599 346 660 liceat.
371 596 441 658 Non
459 597 554 658 ferunt
571 599 672 658 homi·

88 679 161 762 {uod
176 679 293 741 videtur
311 677 367 740 effe
383 698 481 740 tamen
496 677 670 738 ferendum:

89 759 168 840 :jam
186 780 243 820 una
253 779 313 822 vox
329 762 481 832 omnium,
496 760 585 840 magis
601 758 672 818 odio

89 863 129 917 ι,
159 839 252 920 quim
277 839 418 920 praesidio.
445 835 550 898 Noster
577 855 673 898 autem

89 941 101 984 s
119 921 195 982 mihi
211 923 375 993 minitatur,
390 921 522 980 inimicus
542 916 599 979 est:
616 921 674 978 im·

89 1021 150 1064 :ne
174 1004 288 1074 otium,
304 1000 341 1061 ad
359 1000 439 1082 quod
453 1018 484 1060 tu
501 999 606 1061 scilicet
622 999 675 1060 ad-

89 1101 108 1142 ι.
130 1021 251 1156 fidem
267 1080 338 1140 mihi
355 1078 481 1140 nostrum
500 1080 580 1141 illum
601 1101 673 1140 con·

89 1179 109 1222 n
139 1163 302 1224 exercimm
332 1161 477 1222 bonorum
507 1164 638 1221 omnium
662 1205 673 1235 ,

90 1239 158 1304 sam
172 1242 335 1315 bonnmm,
349 1241 454 1302 habere
468 1239 672 1302 firmissimum.

89 1325 146 1386 tius
162 1325 186 1384 si
206 1321 304 1383 nificat
319 1320 442 1382 studium
461 1341 529 1402 erga
548 1341 671 1382 menon

89 1406 183 1464 mezi
224 1423 254 1464 m
271 1400 415 1477 affirmat,
431 1402 554 1462 verbum
571 1401 607 1460 de
625 1422 673 1461 me

92 1503 150 1544 non
169 1481 228 1544 effe
245 1481 402 1542 fadumm:
419 1485 448 1540 in
469 1501 529 1559 quo
547 1501 608 1538 non
627 1500 675 1541 me

89 1563 147 1638 iiit,
160 1561 212 1624 sed
224 1562 286 1643 ipse
303 1563 417 1626 fallitur.
433 1559 581 1623 Cosconio
597 1580 677 1619 mor·

89 1641 148 1706 sum
163 1646 194 1704 in
208 1641 271 1723 ejus
289 1644 387 1716 iocum
404 1643 558 1702 invitatus:
574 1640 604 1700 id
616 1658 677 1702 erat

111 1725 264 1786 inlocum
288 1726 395 1784 mortui
418 1743 426 1781 τ
452 1722 522 1782 nihil
544 1740 592 1781 me
616 1739 675 1780 tur-

89 1805 157 1888 .pud
176 1805 312 1866 homines
334 1802 426 1864 fuiffet
447 1823 457 1876 ;
488 1821 582 1881 neque
603 1802 676 1862 verb

90 1907 132 1948 im
151 1885 245 1968 ipsam
265 1889 411 1958 ἀσφάλειαν
429 1882 584 1963 quidquam
604 1885 676 1943 alie·

90 1965 151 2023 sunt
163 1970 245 2023 enim
264 1964 305 2022 illi
322 1963 398 2022 anud
414 1963 508 2022 bonos
522 1964 676 2021 invidiosi:
