2117 3984
382 390 449 484 296
566 389 867 460 Errsrotn

377 504 414 562 de
438 502 611 581 triumpho:
637 500 687 561 sed
710 518 808 563 tamen
825 502 884 562 hoc
907 498 984 580 juctu

373 583 502 654 simunt,
521 582 603 663 quod
616 582 742 642 intellexi
756 583 834 642 read
848 603 984 646 eumve:

373 677 405 720 ut
421 658 484 739 ejus
502 666 630 722 animum
643 683 710 744 erga
725 684 772 723 nte
791 662 984 742 perspiceres:

373 741 447 801 milti
460 788 469 816 ,
484 744 623 822 inquam,
639 742 740 802 accidit
749 741 984 822 jucundissimum

373 823 524 903 triumpho
544 839 658 894 autern,
675 823 752 881 nulla
766 840 814 882 nte
832 825 977 902 cupiditas

377 922 464 981 quant
485 906 575 963 tenuit
595 920 660 963 ante
682 902 777 962 Bibuli
795 904 984 982 impudentis!

375 981 506 1054 litteras,
522 1002 592 1061 quas
605 982 781 1061 amplissime
797 982 969 1062 supplicatio

376 1059 473 1122 secuta
492 1060 553 1121 est:
572 1084 589 1120 a
610 1082 668 1142 quo
691 1064 715 1120 si
737 1083 771 1122 ea
794 1060 870 1141 gesta
890 1062 980 1134 sunt,

376 1139 508 1221 scripsit,
531 1142 709 1221 gauderem,
730 1141 761 1200 δι
784 1143 889 1201 honori
909 1142 984 1206 favet

376 1241 455 1281 nunc
482 1222 593 1294 illurn,
619 1223 667 1300 qui
694 1221 802 1299 pedem
824 1221 935 1301 portis,

377 1300 466 1362 hostis
484 1303 523 1359 cis
544 1299 720 1380 Euphratem
738 1301 813 1374 suit,
829 1323 890 1362 non
907 1243 984 1362 erud

378 1380 490 1442 honore
502 1383 598 1463 augeri
608 1401 618 1453 3
629 1400 696 1452 me,
709 1384 737 1440 in
750 1379 830 1458 cujus
842 1386 984 1442 enercitu¹

377 1462 453 1522 illius
473 1466 611 1522 exercitus
627 1460 746 1536 habuit,
766 1462 844 1522 idern
859 1483 923 1522 non
940 1459 984 1522 ass

378 1541 504 1602 dedecus
527 1540 568 1601 est
587 1540 733 1612 nostrum3
753 1540 904 1616 nostrum,
921 1544 984 1622 ¹ittqt

378 1637 408 1681 te
422 1620 610 1703 conjungens.
620 1619 719 1700 Itaque
734 1625 831 1681 omnia
846 1624 981 1701 experiar

378 1719 410 1760 ut
430 1700 537 1781 spero,
557 1699 692 1778 assequar.
713 1701 806 1779 Quod
829 1704 851 1760 si
872 1703 984 1774 tuvalt

377 1777 437 1855 jam
461 1781 530 1838 mihi
550 1781 680 1858 quaedatn
698 1783 847 1859 explorata
863 1780 972 1842 ellent:

377 1877 409 1918 ut
431 1858 537 1938 spero,
558 1859 677 1917 valebis.
696 1858 745 1919 De
765 1859 932 1921 raudusculo
954 1859 984 1932 N

375 1938 457 1998 riano
471 1939 594 1998 multum
604 1956 632 1998 te
644 1959 721 1998 amo.
732 1940 905 2002 Hortensius
915 1941 984 2021 ¹quid

377 2022 436 2093 rit,
454 2041 529 2079 aveo
544 2018 636 2091 scire3'
655 2016 730 2079 Cato
746 2022 816 2101 quid
831 2039 913 2101 agat:
937 2023 984 2101 qui

379 2101 447 2159 detn
466 2103 496 2158 in
514 2119 560 2158 nte
577 2101 697 2177 turpiter
716 2099 769 2160 suit
784 2101 964 2162 malevolus:

378 2181 563 2261 integritatis,
578 2176 705 2255 justitiae,
719 2181 898 2252 clementia,
910 2179 980 2240 fidei

378 2259 593 2331 testimonium,
610 2261 689 2339 quod
705 2282 763 2319 non
778 2261 965 2340 quaetebam3
981 2288 984 2313 ι

379 2338 576 2419 postulabam,
589 2343 716 2419 negavit.
730 2339 829 2420 Itaque
847 2338 943 2400 Caesar
962 2341 982 2398 ii

379 2422 447 2478 teris
469 2464 479 2492 ,
507 2417 608 2499 quibus
631 2421 699 2477 mihi
723 2423 896 2501 gratulatur,
916 2422 948 2480 &
965 2441 984 2480 0

379 2499 551 2577 pollicetur,
568 2519 626 2577 quo
644 2499 735 2558 modo
755 2501 875 2573 exsultat
896 2499 984 2560 Catou

379 2596 427 2636 me
450 2579 630 2656 ingratissimi
647 2575 774 2654 injurii?
796 2581 836 2641 At
856 2581 903 2640 hic
918 2580 984 2639 iden

377 2657 448 2718 bulo
470 2659 581 2715 dierum
600 2675 655 2716 xx.
674 2658 791 2739 Ignosce
811 2662 901 2732 milti,
922 2659 984 2721 non

377 2736 440 2798 sum
452 2736 512 2795 hac
526 2734 600 2794 ferre
615 2780 624 2806 ,
640 2757 692 2795 nec
706 2738 805 2799 setam.
825 2738 923 2818 Cupio
944 2740 982 2799 ad

380 2841 432 2879 nes
451 2835 512 2876 tuas
531 2814 687 2895 epistolas3
708 2819 755 2879 sed
777 2821 846 2879 nihil
869 2817 984 2881 necesse

379 2899 438 2981 jam
450 2901 527 2960 enirn
539 2912 567 2957 te
580 2895 698 2958 videbo.
715 2898 790 2961 Illud
803 2917 902 2962 tamen
916 2900 953 2962 de
968 2897 984 2964 (
