2117 3984
374 417 444 473 210
566 397 865 464 EPISTOLAE

369 515 439 575 mihi
459 527 624 651 perffratum
647 509 723 583 fuit,
744 505 840 570 noster
858 506 984 570 Horten

370 598 417 653 cui
434 593 514 673 depo
528 594 605 651 centi
621 612 688 652 mea
706 590 860 664 mandata,
876 607 975 650 cetera

370 674 455 735 verse
479 673 615 732 mandavi
630 692 640 745 3
658 671 728 731 illud
750 672 889 750 proprie,
911 689 951 730 ne
971 691 984 752 f

368 772 470 827 retur,
490 768 629 833 quanmm
651 750 719 813 ellet
736 753 766 810 in
787 749 850 832 ipso
871 783 881 823 ·,
904 767 984 831 prou

369 835 455 896 nobis
479 835 670 914 provincias:
692 834 722 892 in
745 851 805 912 quo
824 851 893 892 eum
916 851 984 892 tun

370 914 543 988 confirmes,
561 930 732 1052 gratumssue
752 912 822 972 mihi
841 909 939 972 feciffe
956 911 984 972 di

372 996 452 1076 quod
478 995 510 1054 &
529 997 679 1055 venerita
718 1013 793 1065 me,
819 992 850 1051 &
874 992 934 1051 hoc
957 1011 984 1052 m

371 1094 565 1157 praetereaque
583 1079 607 1134 si
625 1074 694 1155 quid
714 1095 786 1154 opus
808 1069 900 1146 elset,
917 1093 984 1152 pror

371 1158 426 1215 rit:
440 1154 612 1215 confirmavi
626 1154 663 1213 ad
678 1174 744 1213 eam
759 1151 872 1213 causam
886 1155 978 1212 etiam

371 1238 452 1295 nium
467 1234 616 1307 nollmm3
654 1255 721 1295 uem
735 1234 771 1293 ad
787 1253 895 1292 annum
911 1233 984 1294 tribn

371 1316 466 1397 plebis
482 1315 618 1376 videbam
633 1256 707 1375 lore.
727 1313 888 1374 Habuimus
903 1316 935 1374 in
951 1311 984 1376 Cr

371 1419 412 1456 no
434 1398 513 1475 quasi
535 1396 668 1475 pusillam
687 1394 831 1455 Romam:
852 1409 934 1455 tanta
954 1413 984 1456 er

372 1477 416 1536 his
435 1478 506 1537 locis
525 1476 699 1548 multitudo;
722 1495 813 1556 quum
832 1475 953 1535 interim
971 1473 984 1536 l

372 1555 490 1630 noster,
512 1556 590 1637 quod
610 1555 638 1616 se
656 1578 672 1615 a
691 1554 825 1615 Vestorio
843 1553 984 1616 observat?

373 1637 483 1709 debat,
504 1636 703 1717 stratagemate
725 1638 874 1696 hominem
893 1655 984 1715 percu

372 1737 440 1775 nam
463 1716 499 1774 ad
522 1737 569 1775 me
590 1736 650 1774 non
672 1718 801 1777 accessit.
828 1713 943 1775 Itane?
970 1736 984 1796 q

371 1794 545 1856 Hortensius
568 1798 707 1866 veniret,
730 1798 761 1856 δι
778 1792 929 1868 infirmus,
952 1795 984 1856 &

370 1875 481 1954 longe,
496 1874 527 1932 &
540 1873 733 1949 Hortensius,
747 1895 836 1955 quum
851 1877 977 1934 maxim'a

372 1973 452 2015 terea
475 1954 653 2024 multitudo,
676 1955 724 2015 ille
748 1975 808 2013 non
825 1957 908 2014 venit
926 1953 984 2016 ?··N

372 2037 499 2113 inquam.
522 2032 592 2094 Non
611 2033 705 2092 vidisti
723 2037 808 2116 igitur
826 2034 981 2110 huminem

373 2114 475 2195 quies?
495 2112 560 2191 Qui
581 2116 661 2193 potui
682 2131 741 2172 non
760 2114 879 2187 videre,
898 2135 984 2194 quum

374 2197 539 2275 emporium
556 2193 777 2254 Puteolanorum
794 2196 848 2253 iter
861 2197 984 2256 facerem

309 2319 314 2329 .
375 2298 434 2355 quo
456 2277 557 2347 illum,
578 2293 712 2354 agentem
732 2275 867 2353 aliquid,
888 2275 980 2336 credo

374 2357 485 2414 lutavi:
508 2353 607 2435 postea
630 2357 717 2414 etiam
737 2352 804 2434 jussi
824 2354 945 2428 valere,
971 2377 984 2437 ς

375 2455 422 2494 me
440 2437 537 2494 exiens
556 2455 572 2494 e
589 2434 636 2494 sua
653 2435 741 2507 villa,
758 2456 827 2493 num
844 2435 914 2514 quid
930 2436 984 2496 vel

375 2514 507 2593 rogall'et.
529 2514 615 2574 Hunc
640 2516 789 2574 hominem
814 2536 915 2593 parum
945 2535 984 2598 gn

375 2593 522 2670 quisquam
540 2595 643 2673 putet?
664 2614 712 2654 aut
732 2616 792 2654 non
811 2597 841 2654 in
861 2615 899 2655 eo
918 2595 982 2675 ipso

375 2672 522 2744 dandum,
542 2675 622 2752 quod
641 2675 731 2734 audiri
747 2697 808 2734 non
827 2675 984 2736 laborarit?

377 2752 467 2812 redeo
492 2751 528 2812 ud
557 2754 636 2813 illud.
666 2753 734 2813 Noli
760 2774 859 2835 putare
878 2756 951 2815 mihi
976 2777 984 2815 a

374 2831 599 2893 consolationem
623 2832 678 2893 effe
703 2832 785 2912 hujus
806 2839 930 2917 ingentis
953 2843 984 2896 m

373 2916 439 2990 tie,
459 2915 511 2973 nisi
533 2914 612 2995 qub'd
632 2914 714 2996 spero
738 2938 798 2978 non
819 2917 984 3000 longiorem
