<?xml version="1.0" encoding="UTF-8"?>
<!DOCTYPE html PUBLIC "-//W3C//DTD XHTML 1.0 Transitional//EN"
    "http://www.w3.org/TR/xhtml1/DTD/xhtml1-transitional.dtd">
<html xmlns="http://www.w3.org/1999/xhtml" xml:lang="en" lang="en">
 <head>
  <title>
</title>
<meta http-equiv="Content-Type" content="text/html;charset=utf-8" />
  <meta name='ocr-system' content='tesseract 3.04.00' />
  <meta name='ocr-capabilities' content='ocr_page ocr_carea ocr_par ocr_line ocrx_word'/>
</head>
<body>
  <div class='ocr_page' id='page_1' title='image "./mtulliiciceroni03lallgoog_0253.png"; bbox 0 0 2117 3984; ppageno 0'>
   <div class='ocr_carea' id='block_1_1' title="bbox 404 417 1568 512">
    <p class='ocr_par' dir='ltr' id='par_1_1' title="bbox 404 417 1568 512">
     <span class='ocr_line' id='line_1_1' title="bbox 404 417 1568 512; baseline -0.007 -19"><span class='ocrx_word' id='word_1_1' title='bbox 404 421 539 512; x_wconf 90' lang='lat'>248</span> <span class='ocrx_word' id='word_1_2' title='bbox 613 421 753 504; x_wconf 78' lang='grc' dir='ltr'>ΕΡ.</span> <span class='ocrx_word' id='word_1_3' title='bbox 786 436 906 488; x_wconf 77' lang='lat' dir='ltr'>AD</span> <span class='ocrx_word' id='word_1_4' title='bbox 943 419 1244 486; x_wconf 75' lang='lat' dir='ltr'>Arne.</span> <span class='ocrx_word' id='word_1_5' title='bbox 1274 417 1449 486; x_wconf 73' lang='lat' dir='ltr'>Lm.</span> <span class='ocrx_word' id='word_1_6' title='bbox 1485 421 1568 485; x_wconf 91' lang='lat' dir='ltr'>V.</span> 
     </span>
    </p>
   </div>
   <div class='ocr_carea' id='block_1_2' title="bbox 398 530 1681 1893">
    <p class='ocr_par' dir='ltr' id='par_1_2' title="bbox 398 530 1681 1893">
     <span class='ocr_line' id='line_1_2' title="bbox 402 530 1681 615; baseline -0.003 -19"><span class='ocrx_word' id='word_1_7' title='bbox 402 534 563 596; x_wconf 88' lang='lat' dir='ltr'>causa</span> <span class='ocrx_word' id='word_1_8' title='bbox 596 533 679 595; x_wconf 87' lang='lat' dir='ltr'>est</span> <span class='ocrx_word' id='word_1_9' title='bbox 700 579 721 609; x_wconf 89' lang='lat'>‚</span> <span class='ocrx_word' id='word_1_10' title='bbox 760 551 963 595; x_wconf 86' lang='lat' dir='ltr'>contra</span> <span class='ocrx_word' id='word_1_11' title='bbox 994 551 1167 615; x_wconf 84' lang='lat' dir='ltr'>quam</span> <span class='ocrx_word' id='word_1_12' title='bbox 1198 531 1339 592; x_wconf 83' lang='lat' dir='ltr'><strong>nihil</strong></span> <span class='ocrx_word' id='word_1_13' title='bbox 1374 530 1618 594; x_wconf 70' lang='lat' dir='ltr'>honeste</span> <span class='ocrx_word' id='word_1_14' title='bbox 1645 532 1681 604; x_wconf 78' lang='lat' dir='ltr'>d</span> 
     </span>
     <span class='ocr_line' id='line_1_3' title="bbox 398 613 1663 697; baseline -0.003 -21"><span class='ocrx_word' id='word_1_15' title='bbox 398 613 631 697; x_wconf 82' lang='lat' dir='ltr'>potest3</span> <span class='ocrx_word' id='word_1_16' title='bbox 664 614 975 695; x_wconf 78' lang='lat' dir='ltr'>praesertim</span> <span class='ocrx_word' id='word_1_17' title='bbox 1013 634 1189 693; x_wconf 87' lang='lat' dir='ltr'>quum</span> <span class='ocrx_word' id='word_1_18' title='bbox 1217 616 1337 673; x_wconf 87' lang='lat' dir='ltr'>inte</span> <span class='ocrx_word' id='word_1_19' title='bbox 1407 633 1502 672; x_wconf 86' lang='lat' dir='ltr'>am</span> <span class='ocrx_word' id='word_1_20' title='bbox 1535 633 1663 674; x_wconf 85' lang='lat' dir='ltr'>rem</span> 
     </span>
     <span class='ocr_line' id='line_1_4' title="bbox 398 693 1681 776; baseline -0.002 -20"><span class='ocrx_word' id='word_1_21' title='bbox 398 695 626 756; x_wconf 85' lang='lat' dir='ltr'>causam</span> <span class='ocrx_word' id='word_1_22' title='bbox 668 696 1019 776; x_wconf 85' lang='lat' dir='ltr'>reliquerim.</span> <span class='ocrx_word' id='word_1_23' title='bbox 1064 693 1310 774; x_wconf 81' lang='lat' dir='ltr'>Reliqua</span> <span class='ocrx_word' id='word_1_24' title='bbox 1372 711 1476 754; x_wconf 83' lang='lat' dir='ltr'>unt</span> <span class='ocrx_word' id='word_1_25' title='bbox 1505 694 1681 760; x_wconf 63' lang='lat' dir='ltr'>‚domn</span> 
     </span>
     <span class='ocr_line' id='line_1_5' title="bbox 398 774 1681 854; baseline -0.002 -19"><span class='ocrx_word' id='word_1_26' title='bbox 398 779 534 837; x_wconf 85' lang='lat' dir='ltr'>tica.</span> <span class='ocrx_word' id='word_1_27' title='bbox 569 774 669 836; x_wconf 88' lang='lat' dir='ltr'>De</span> <span class='ocrx_word' id='word_1_28' title='bbox 709 775 975 852; x_wconf 55' lang='lat' dir='ltr'>zamam</span> <span class='ocrx_word' id='word_1_29' title='bbox 1010 774 1202 853; x_wconf 88' lang='lat' dir='ltr'>probo</span> <span class='ocrx_word' id='word_1_30' title='bbox 1236 774 1392 832; x_wconf 87' lang='lat' dir='ltr'>idem</span> <span class='ocrx_word' id='word_1_31' title='bbox 1413 817 1434 846; x_wconf 86' lang='lat'><strong>‚</strong></span> <span class='ocrx_word' id='word_1_32' title='bbox 1471 774 1681 854; x_wconf 49' lang='lat' dir='ltr'>quoda</span> 
     </span>
     <span class='ocr_line' id='line_1_6' title="bbox 398 851 1681 933; baseline -0.002 -17"><span class='ocrx_word' id='word_1_33' title='bbox 398 853 703 916; x_wconf 81' lang='lat' dir='ltr'>Postumiae</span> <span class='ocrx_word' id='word_1_34' title='bbox 730 852 878 913; x_wconf 81' lang='lat' dir='ltr'>filius</span> <span class='ocrx_word' id='word_1_35' title='bbox 896 897 915 926; x_wconf 87' lang='lat'>,</span> <span class='ocrx_word' id='word_1_36' title='bbox 938 854 1033 913; x_wconf 89' lang='lat' dir='ltr'>ille</span> <span class='ocrx_word' id='word_1_37' title='bbox 1059 854 1336 933; x_wconf 77' lang='lat' dir='ltr'>quoniam</span> <span class='ocrx_word' id='word_1_38' title='bbox 1353 851 1640 922; x_wconf 69' lang='lat' dir='ltr'>Pontidia</span> <span class='ocrx_word' id='word_1_39' title='bbox 1661 875 1681 914; x_wconf 82' lang='grc' dir='ltr'><strong>ι</strong></span> 
     </span>
     <span class='ocr_line' id='line_1_7' title="bbox 406 932 1681 1018; baseline -0.002 -22"><span class='ocrx_word' id='word_1_40' title='bbox 406 953 613 1018; x_wconf 83' lang='lat' dir='ltr'>gatur:</span> <span class='ocrx_word' id='word_1_41' title='bbox 650 935 749 995; x_wconf 90' lang='lat' dir='ltr'>sed</span> <span class='ocrx_word' id='word_1_42' title='bbox 781 934 999 995; x_wconf 85' lang='lat' dir='ltr'>vellem</span> <span class='ocrx_word' id='word_1_43' title='bbox 1032 932 1268 994; x_wconf 84' lang='lat' dir='ltr'><strong>adesses.</strong></span> <span class='ocrx_word' id='word_1_44' title='bbox 1299 932 1358 992; x_wconf 88' lang='lat' dir='ltr'><strong>A</strong></span> <span class='ocrx_word' id='word_1_45' title='bbox 1390 932 1681 1010; x_wconf 68' lang='lat' dir='ltr'>Quintof</span> 
     </span>
     <span class='ocr_line' id='line_1_8' title="bbox 404 1012 1681 1093; baseline -0.005 -13"><span class='ocrx_word' id='word_1_46' title='bbox 404 1034 497 1080; x_wconf 80' lang='lat' dir='ltr'>tre</span> <span class='ocrx_word' id='word_1_47' title='bbox 539 1017 626 1076; x_wconf 86' lang='lat' dir='ltr'>his</span> <span class='ocrx_word' id='word_1_48' title='bbox 680 1014 971 1074; x_wconf 89' lang='lat' dir='ltr'>mensibus</span> <span class='ocrx_word' id='word_1_49' title='bbox 1011 1012 1534 1093; x_wconf 64' lang='lat' dir='ltr'>nihilexspefflris</span> <span class='ocrx_word' id='word_1_50' title='bbox 1571 1035 1591 1087; x_wconf 87' lang='lat'>;</span> <span class='ocrx_word' id='word_1_51' title='bbox 1635 1037 1681 1074; x_wconf 67' lang='lat' dir='ltr'>n,</span> 
     </span>
     <span class='ocr_line' id='line_1_9' title="bbox 408 1094 1681 1174; baseline -0.002 -18"><span class='ocrx_word' id='word_1_52' title='bbox 408 1095 638 1157; x_wconf 83' lang='lat' dir='ltr'>Taurus</span> <span class='ocrx_word' id='word_1_53' title='bbox 689 1111 927 1174; x_wconf 83' lang='lat' dir='ltr'>propter</span> <span class='ocrx_word' id='word_1_54' title='bbox 969 1097 1134 1155; x_wconf 84' lang='lat' dir='ltr'>nives</span> <span class='ocrx_word' id='word_1_55' title='bbox 1182 1112 1314 1154; x_wconf 87' lang='lat' dir='ltr'>ante</span> <span class='ocrx_word' id='word_1_56' title='bbox 1354 1094 1619 1154; x_wconf 81' lang='lat' dir='ltr'>mensem</span> <span class='ocrx_word' id='word_1_57' title='bbox 1669 1094 1681 1154; x_wconf 82' lang='lat'>.&#39;</span> 
     </span>
     <span class='ocr_line' id='line_1_10' title="bbox 409 1172 1680 1254; baseline -0.002 -18"><span class='ocrx_word' id='word_1_58' title='bbox 409 1178 573 1237; x_wconf 86' lang='lat' dir='ltr'>nium</span> <span class='ocrx_word' id='word_1_59' title='bbox 608 1176 831 1236; x_wconf 83' lang='lat' dir='ltr'>transiri</span> <span class='ocrx_word' id='word_1_60' title='bbox 877 1193 997 1246; x_wconf 71' lang='lat' dir='ltr'>non</span> <span class='ocrx_word' id='word_1_61' title='bbox 1045 1172 1253 1254; x_wconf 86' lang='lat' dir='ltr'>potest.</span> <span class='ocrx_word' id='word_1_62' title='bbox 1297 1172 1626 1246; x_wconf 75' lang='lat' dir='ltr'>Thermum</span> <span class='ocrx_word' id='word_1_63' title='bbox 1653 1216 1680 1246; x_wconf 76' lang='lat'>‚</span> 
     </span>
     <span class='ocr_line' id='line_1_11' title="bbox 410 1251 1681 1338; baseline -0.005 -20"><span class='ocrx_word' id='word_1_64' title='bbox 410 1277 624 1338; x_wconf 84' lang='lat' dir='ltr'>rogas,</span> <span class='ocrx_word' id='word_1_65' title='bbox 670 1254 1025 1316; x_wconf 80' lang='lat' dir='ltr'>creberrimis</span> <span class='ocrx_word' id='word_1_66' title='bbox 1062 1254 1262 1314; x_wconf 85' lang='lat' dir='ltr'>litteris</span> <span class='ocrx_word' id='word_1_67' title='bbox 1301 1251 1512 1324; x_wconf 74' lang='lat' dir='ltr'>fulcio.-</span> <span class='ocrx_word' id='word_1_68' title='bbox 1531 1251 1620 1322; x_wconf 64' lang='lat' dir='ltr'>-P.„</span> <span class='ocrx_word' id='word_1_69' title='bbox 1645 1251 1681 1322; x_wconf 62' lang='grc' dir='ltr'>Ἰ</span> 
     </span>
     <span class='ocr_line' id='line_1_12' title="bbox 408 1330 1680 1416; baseline -0.005 -19"><span class='ocrx_word' id='word_1_70' title='bbox 408 1335 621 1398; x_wconf 79' lang='lat' dir='ltr'>lerium</span> <span class='ocrx_word' id='word_1_71' title='bbox 659 1351 831 1416; x_wconf 86' lang='lat' dir='ltr'>negat</span> <span class='ocrx_word' id='word_1_72' title='bbox 869 1332 1080 1393; x_wconf 84' lang='lat' dir='ltr'>habere</span> <span class='ocrx_word' id='word_1_73' title='bbox 1150 1334 1250 1393; x_wconf 91' lang='lat' dir='ltr'>uid</span> <span class='ocrx_word' id='word_1_74' title='bbox 1287 1353 1420 1392; x_wconf 86' lang='lat' dir='ltr'>uam</span> <span class='ocrx_word' id='word_1_75' title='bbox 1449 1330 1680 1412; x_wconf 73' lang='lat' dir='ltr'>Deiota</span> 
     </span>
     <span class='ocr_line' id='line_1_13' title="bbox 417 1411 1681 1494; baseline -0.003 -18"><span class='ocrx_word' id='word_1_76' title='bbox 417 1437 521 1478; x_wconf 84' lang='lat' dir='ltr'>rex</span> <span class='ocrx_word' id='word_1_77' title='bbox 554 1462 578 1488; x_wconf 94' lang='lat'>,</span> <span class='ocrx_word' id='word_1_78' title='bbox 623 1432 873 1494; x_wconf 87' lang='lat' dir='ltr'>eumque</span> <span class='ocrx_word' id='word_1_79' title='bbox 913 1414 990 1474; x_wconf 87' lang='lat' dir='ltr'>ait</span> <span class='ocrx_word' id='word_1_80' title='bbox 1034 1435 1068 1473; x_wconf 93' lang='lat' dir='ltr'>a</span> <span class='ocrx_word' id='word_1_81' title='bbox 1126 1434 1159 1474; x_wconf 90' lang='lat' dir='ltr'>e</span> <span class='ocrx_word' id='word_1_82' title='bbox 1201 1412 1233 1473; x_wconf 96' lang='lat' dir='ltr'>s</span> <span class='ocrx_word' id='word_1_83' title='bbox 1305 1416 1510 1474; x_wconf 85' lang='lat' dir='ltr'>entari.</span> <span class='ocrx_word' id='word_1_84' title='bbox 1565 1411 1681 1492; x_wconf 66' lang='lat' dir='ltr'>Qu</span> 
     </span>
     <span class='ocr_line' id='line_1_14' title="bbox 416 1493 1681 1567; baseline -0.002 -10"><span class='ocrx_word' id='word_1_85' title='bbox 416 1495 558 1558; x_wconf 89' lang='lat' dir='ltr'>scies</span> <span class='ocrx_word' id='word_1_86' title='bbox 591 1495 800 1556; x_wconf 87' lang='lat' dir='ltr'>Romae</span> <span class='ocrx_word' id='word_1_87' title='bbox 837 1493 1232 1555; x_wconf 83' lang='lat' dir='ltr'>intercalatum</span> <span class='ocrx_word' id='word_1_88' title='bbox 1269 1495 1342 1554; x_wconf 88' lang='lat' dir='ltr'>sit</span> <span class='ocrx_word' id='word_1_89' title='bbox 1363 1538 1386 1566; x_wconf 88' lang='lat'>‚</span> <span class='ocrx_word' id='word_1_90' title='bbox 1415 1495 1681 1567; x_wconf 62' lang='lat' dir='ltr'>necne„=</span> 
     </span>
     <span class='ocr_line' id='line_1_15' title="bbox 414 1574 1680 1654; baseline -0.004 -17"><span class='ocrx_word' id='word_1_91' title='bbox 414 1579 521 1638; x_wconf 89' lang='lat' dir='ltr'>lim</span> <span class='ocrx_word' id='word_1_92' title='bbox 555 1576 626 1637; x_wconf 86' lang='lat' dir='ltr'>ad</span> <span class='ocrx_word' id='word_1_93' title='bbox 662 1596 758 1636; x_wconf 89' lang='lat' dir='ltr'>me</span> <span class='ocrx_word' id='word_1_94' title='bbox 793 1574 997 1634; x_wconf 83' lang='lat' dir='ltr'>scribas</span> <span class='ocrx_word' id='word_1_95' title='bbox 1032 1590 1252 1634; x_wconf 86' lang='lat' dir='ltr'>certum</span> <span class='ocrx_word' id='word_1_96' title='bbox 1277 1618 1295 1647; x_wconf 89' lang='lat'>‚</span> <span class='ocrx_word' id='word_1_97' title='bbox 1332 1594 1452 1654; x_wconf 90' lang='lat' dir='ltr'>quo</span> <span class='ocrx_word' id='word_1_98' title='bbox 1490 1574 1585 1634; x_wconf 88' lang='lat' dir='ltr'>die</span> <span class='ocrx_word' id='word_1_99' title='bbox 1613 1593 1680 1632; x_wconf 87' lang='lat' dir='ltr'>-m</span> 
     </span>
     <span class='ocr_line' id='line_1_16' title="bbox 416 1654 1680 1734; baseline -0.002 -17"><span class='ocrx_word' id='word_1_100' title='bbox 416 1660 562 1717; x_wconf 84' lang='lat' dir='ltr'>teria</span> <span class='ocrx_word' id='word_1_101' title='bbox 591 1655 777 1715; x_wconf 86' lang='lat' dir='ltr'>futura</span> <span class='ocrx_word' id='word_1_102' title='bbox 809 1656 939 1715; x_wconf 90' lang='lat' dir='ltr'>sint.</span> <span class='ocrx_word' id='word_1_103' title='bbox 967 1654 1207 1715; x_wconf 83' lang='lat' dir='ltr'>Litteras</span> <span class='ocrx_word' id='word_1_104' title='bbox 1237 1671 1360 1713; x_wconf 88' lang='lat' dir='ltr'>tuas</span> <span class='ocrx_word' id='word_1_105' title='bbox 1386 1656 1575 1714; x_wconf 74' lang='lat' dir='ltr'>minus</span> <span class='ocrx_word' id='word_1_106' title='bbox 1605 1675 1680 1734; x_wconf 86' lang='lat' dir='ltr'>pa</span> 
     </span>
     <span class='ocr_line' id='line_1_17' title="bbox 421 1731 1666 1872; baseline -0.001 -75"><span class='ocrx_word' id='word_1_107' title='bbox 421 1735 687 1815; x_wconf 68' lang='lat' dir='ltr'>exspe&amp;o</span> <span class='ocrx_word' id='word_1_108' title='bbox 727 1779 747 1808; x_wconf 88' lang='lat'>‚</span> <span class='ocrx_word' id='word_1_109' title='bbox 778 1734 958 1872; x_wconf 54' lang='lat' dir='ltr'>guam</span> <span class='ocrx_word' id='word_1_110' title='bbox 998 1738 1045 1794; x_wconf 87' lang='lat' dir='ltr'>si</span> <span class='ocrx_word' id='word_1_111' title='bbox 1083 1734 1290 1795; x_wconf 85' lang='lat' dir='ltr'>Romae</span> <span class='ocrx_word' id='word_1_112' title='bbox 1331 1731 1514 1807; x_wconf 79' lang='lat' dir='ltr'>effes3</span> <span class='ocrx_word' id='word_1_113' title='bbox 1559 1732 1666 1802; x_wconf 68' lang='lat' dir='ltr'>sed.</span> 
     </span>
     <span class='ocr_line' id='line_1_18' title="bbox 418 1814 889 1893; baseline -0.006 -17"><span class='ocrx_word' id='word_1_114' title='bbox 418 1835 557 1876; x_wconf 85' lang='lat' dir='ltr'>men</span> <span class='ocrx_word' id='word_1_115' title='bbox 600 1814 771 1893; x_wconf 85' lang='lat' dir='ltr'>exspe</span> <span class='ocrx_word' id='word_1_116' title='bbox 829 1835 889 1873; x_wconf 87' lang='lat'>0.</span> 
     </span>
    </p>
   </div>
   <div class='ocr_carea' id='block_1_3' title="bbox 821 2135 1339 2687">
    <p class='ocr_par' dir='ltr' id='par_1_3' title="bbox 821 2135 1339 2687">
     <span class='ocr_line' id='line_1_19' title="bbox 821 2135 1339 2687; baseline 0 1297"><span class='ocrx_word' id='word_1_117' title='bbox 821 2135 1339 2687; x_wconf 95' lang='lat' dir='ltr'> </span> 
     </span>
    </p>
   </div>
  </div>
 </body>
</html>
