2117 3984
253 506 324 572 422
440 473 765 551 Enteronn'

246 601 314 671 iis,
340 613 462 679 quarum
486 593 622 675 exempla
640 608 724 656 antea
748 592 788 655 ad
809 609 839 655 te
858 593 927 655 mini.
976 597 977 612 ¹

252 678 310 739 Hic
322 678 462 757 quidem,
477 695 558 737 mera
576 676 681 736 scelera
692 678 870 757 loquuntur:
885 675 929 737 sed

251 779 313 817 non
332 773 394 817 erat
411 776 466 817 nec
483 759 627 817 recentior
644 756 764 830 aucior,
780 775 837 816 nec
851 753 929 835 hujus

249 841 293 898 rei
317 838 435 918 quidem
456 838 561 897 melior
585 834 754 897 Dolabella.

335 932 339 938 ⁸
368 952 526 1016 Cteeuo
556 950 722 1015 Arrtco
750 952 838 1015 Snt'.

259 1041 436 1152 13.Tuns
460 1092 501 1134 xl
530 1072 654 1135 Kalend.
679 1075 781 1152 accepi
806 1073 937 1153 litteren

253 1152 355 1233 quibus
378 1157 476 1214 omnia
499 1156 618 1215 consilia
638 1151 733 1213 differs
756 1155 788 1212 in
809 1155 841 1215 id
859 1174 934 1218 tem-

255 1253 328 1312 pus,
342 1255 431 1313 quum
447 1233 613 1307 scierimus,
631 1233 698 1313 quid
713 1231 814 1293 >atium
829 1236 884 1295 sit:
902 1235 934 1297 &

162 1355 165 1360 -
253 1315 332 1373 certe
349 1317 389 1374 ita
406 1312 463 1373 est:
476 1335 530 1374 nec
541 1316 656 1375 interim
671 1312 766 1394 potest
781 1315 937 1396 quidquzm

256 1390 367 1466 statui,
395 1393 505 1455 sedne
527 1395 647 1477 cogitari
668 1394 814 1474 quidem:
837 1409 937 1476 quam»

257 1492 344 1553 quam
370 1474 412 1533 hae
433 1475 504 1534 mihi
524 1476 625 1535 litterae
646 1472 813 1534 Dolabellae
836 1473 941 1554 jubent

257 1554 309 1612 ad‘
331 1551 437 1614 ristinas
449 1558 637 1636 cogitationes
647 1557 771 1614 reverti:
789 1553 845 1615 suit
860 1558 939 1617 enim

255 1576 348 1713 pritiie
360 1635 559 1713 Quinquatrus
570 1638 686 1717 egregia
696 1632 851 1740 tempestas
861 1679 871 1709 ‚
883 1638 940 1719 qui

255 1734 313 1795 ego
333 1715 413 1774 illum
432 1714 512 1775 usum
530 1736 612 1796 puto.
638 1718 773 1786 ΣυιιΓαγη
797 1717 940 1778 consilio·

256 1815 319 1852 rum
332 1813 449 1854 tuorum
462 1817 522 1855 non
538 1797 579 1855 est
591 1819 608 1855 a
618 1813 665 1854 me
678 1795 797 1854 colleEia
809 1797 847 1855 ad
862 1817 941 1878 que-

256 1873 344 1931 relam
354 1915 364 1945 ,
373 1874 422 1933 sed
431 1879 519 1956 magis
534 1877 569 1933 ad
583 1874 809 1935 consolationem
822 1895 939 1937 meam:

257 1971 313 2010 nec
335 1955 411 2013 enim
437 1974 483 2013 me
507 1974 565 2013 tam
588 1956 649 2013 haec
672 1955 746 2013 mala
764 1956 940 2034 angebant,

257 2033 347 2111 quim
360 2033 479 2114 suspicio
492 2036 603 2115 eulpae,
620 2056 653 2094 ac
666 2036 831 2094 temeritatis
845 2055 938 2096 meae:

257 2132 322 2171 eam
336 2115 445 2174 nullam
464 2131 536 2195 puto
551 2113 625 2188 esie3
640 2118 777 2194 quoniam
789 2135 856 2174 cum
865 2137 941 2177 con·

196 2233 204 2248 .
257 2194 325 2252 siliis
337 2198 393 2254 tuis
408 2215 473 2255 mea
486 2194 558 2255 facia
572 2196 603 2254 ὅ(
616 2196 735 2254 consilia
748 2195 937 2257 consentiunt.

259 2272 354 2350 Qubd
373 2276 439 2335 mei
449 2277 659 2358 praedicatione
678 2274 784 2335 factum
798 2274 852 2336 esse
866 2274 938 2335 scri·

258 2353 302 2411 bis
325 2359 416 2436 magis
436 2399 445 2429 ,
467 2356 554 2436 quim
573 2357 647 2415 illius
665 2358 770 2416 merito
790 2401 801 2431 ,
823 2373 855 2416 ut
871 2371 940 2415 tan·

260 2450 322 2491 tum
340 2438 367 2494 ei
387 2434 492 2496 debere
513 2437 647 2508 viderer3
670 2434 710 2494 est
724 2439 791 2496 ita:
819 2457 875 2518 ego
893 2437 942 2497 ina

261 2514 350 2572 extuii
372 2513 509 2595 semper,
526 2517 557 2575 &
574 2516 611 2576 e'o
633 2518 753 2596 quidem
769 2522 879 2597 magis,
900 2535 940 2577 ne

260 2591 330 2670 quid
348 2593 397 2654 ille
417 2594 595 2676 superiorum
613 2595 769 2656 meminisse
784 2613 831 2655 me
847 2611 941 2675 puta-

259 2688 323 2731 tet:
343 2696 406 2755 quae
427 2680 452 2734 si
471 2678 595 2748 menime
615 2673 823 2747 meminissem
841 2692 943 2737 tamen

259 2753 333 2813 illius
345 2773 404 2815 tem
427 2758 483 2815 oris
497 2757 713 2816 similitudinem
726 2755 783 2835 jam
795 2755 876 2837 sequi
892 2757 944 2816 de·

261 2835 371 2895 berem.
392 2777 687 2914 nimirumnovit,
714 2857 803 2916 quum
822 2834 916 2917 poss'et
933 2851 944 2910 ;

261 2916 293 2972 &
311 2915 408 2995 postea
424 2914 477 2973 fuit
492 2919 619 2989 amicus,
637 2918 668 2976 ὃ(
688 2920 776 2995 quim
787 2915 897 2991 vaide,
913 2918 944 2976 δι

260 3014 346 3071 quam
359 2997 400 3059 ob
414 2995 545 3073 causam,
566 2997 649 3079 piane
662 2998 770 3060 nescio.
787 2996 868 3080 Ergo
886 3017 944 3080 ego
