2117 3984
135 453 240 542 416·
324 449 635 517 enstorf.

140 590 194 648 quo
206 586 321 646 tempore
330 564 403 641 fiet,
420 564 470 622 erit
482 564 623 639 ἀσμένη-ον.
643 564 702 623 Sed
714 563 766 623 hoc
781 563 817 622 itt

141 651 222 720 dico,
244 649 270 705 εὶ
288 647 354 715 Ιιὶε,
372 644 428 723 qud
442 644 545 702 ratione
557 642 665 701 initium
672 641 766 720 fecit,
779 646 819 703 ed-

140 730 200 789 dem
220 745 307 786 cetera
329 742 409 804 aget,
429 722 532 781 sinceri
541 766 554 794 ‚
570 724 715 801 temperat&
725 767 736 793 ‚
754 745 819 805 pru·

140 811 253 877 dentem
271 804 353 863 valde
369 804 486 872 videro,
510 802 537 860 dt
555 802 757 869 considerantis
773 806 823 863 uti·

142 888 219 946 litati
239 888 328 958 nullm
353 882 517 960 confirlutro.
538 879 598 940 Vll
618 880 687 943 ldus
706 880 822 943 Martias

144 965 242 1026 scribis
268 956 399 1022 Peduteo
423 980 539 1041 quoque
561 959 662 1022 nostro
686 963 824 1042 probati,

134 1044 226 1127 squbd
245 1043 392 1122 quietim,
417 1038 497 1118 eujus
525 1040 678 1101 autloritas
703 1044 824 1103 multum

144 1124 222 1205 apud
241 1142 289 1182 me
307 1121 395 1180 valet.
418 1120 473 1180 His
495 1140 551 1200 ego
571 1123 626 1180 tuis
649 1121 762 1201 scriptis
781 1144 824 1183 me

144 1203 305 1272 consolor,
332 1216 364 1259 ut
381 1200 450 1258 nihil
471 1219 554 1259 ame
577 1200 671 1261 adhuc
692 1201 825 1262 delidum

142 1299 255 1365 putem.
273 1278 323 1338 Tu
342 1280 434 1339 rnodb
459 1278 656 1340 audoritatem
675 1298 758 1341 tuam
777 1284 827 1343 de·

144 1363 278 1433 sendit03
295 1358 432 1420 adversus
448 1380 496 1419 me
514 1359 584 1420 nihil
603 1381 680 1440 opus
700 1358 763 1422 est:
777 1360 827 1423 led

119 1494 122 1502 .
144 1442 266 1505 consciis
287 1458 362 1521 egeo
384 1440 456 1499 aliis.
475 1438 564 1519 Ego,
585 1444 610 1499 si
633 1440 705 1501 nihil
722 1462 827 1523 pecce-

143 1525 199 1596 νὶ,
221 1522 330 1599 reliqua
351 1520 464 1579 tuebor.
483 1518 533 1579 Ad
555 1539 589 1579 ea
606 1538 669 1581 tute
690 1522 828 1597 hortare,

130 1602 177 1665 ·&
189 1623 236 1663 me
251 1603 371 1661 omnino
383 1601 432 1660 tul
449 1601 625 1680 cogitatione
636 1598 753 1679 adjuva.
771 1602 828 1663 Hic

144 1682 216 1742 nihil
241 1682 309 1740 dum
330 1679 366 1739 de
385 1682 478 1740 reditu
502 1676 620 1739 Caesatis
646 1682 830 1743 audiebatur.

147 1761 214 1842 Ego
228 1762 271 1820 his
282 1761 382 1819 litteris
395 1761 561 1819 hortamen
574 1759 704 1838 proseci3
716 1764 829 1846 perlegi

144 1860 248 1903 omnes
263 1858 342 1913 tuas,
355 1840 386 1899 ἃ
400 1843 429 1899 in
444 1860 481 1900 eo
498 1842 641 1921 acquievi.

153 1979 155 1986 ·
237 1956 402 2019 Crceno
436 1957 605 2020 Arrrco
635 1958 722 2021 Snt.

147 2044 444 2140 rnLnnrutnn
467 2076 594 2137 nostrum
619 2078 671 2139 scis
700 2080 826 2142 Puteolis

131 2153 220 2226 elle:
241 2158 322 2241 quod
341 2178 430 2239 quum
448 2159 592 2219 eviatote
611 2161 739 2240 quodam
755 2160 824 2222 esset

142 2238 297 2312 auditum,
324 2242 374 2319 qui
394 2238 422 2297 se
443 2238 552 2298 diceret
568 2260 636 2300 eum
654 2242 683 2299 in
699 2240 820 2321 Appia,

141 2339 231 2398 quum
252 2324 274 2380 is
292 2320 408 2401 paulurn
430 2316 559 2377 lenicam
584 2318 753 2399 aperuisset,
771 2340 822 2379 eu·

163 2397 265 2473 nolle3
286 2389 412 2460 etsi⁰vix
431 2399 586 2458 verisimile
607 2444 616 2471 ‚
636 2402 700 2459 misi
726 2417 824 2461 tamen

140 2418 278 2539 luteolos
301 2498 431 2559 pueros,
456 2482 502 2557 qui
518 2478 767 2560 pervestigarent,
788 2479 821 2539 dt

138 2555 178 2615 ad
198 2578 266 2618 eum
284 2559 401 2618 litteras.
418 2556 556 2618 Inventus
575 2557 615 2619 est
633 2562 680 2618 vix
702 2562 731 2617 in
748 2558 820 2617 hot-

141 2638 177 2697 tis
196 2636 248 2696 suis
263 2637 291 2696 se
310 2639 480 2709 occultans,
501 2638 663 2719 litterasque
682 2638 756 2697 milti
779 2658 826 2698 te-

139 2718 239 2790 misit,
256 2716 376 2777 mirifice
394 2720 496 2798 gratias
516 2738 605 2797 agens
629 2715 759 2780 Caesari:
787 2718 824 2779 de

143 2796 194 2858 suo
220 2816 317 2858 autem
342 2798 462 2860 consilio
485 2794 521 2854 C.
552 2796 663 2856 Caeicio
688 2798 827 2861 mandata

142 2877 178 2937 ad
205 2899 253 2939 me
275 2877 389 2940 dedisse.
412 2875 486 2935 Eum
510 2896 525 2935 e
549 2900 567 2935 o
590 2878 679 2937 hodie
700 2878 825 2958 exspec-

138 2957 253 3034 tabam,
266 2956 346 3022 idest
361 2975 427 3018 xm
439 2956 505 3017 Kal.
518 2898 612 3040 spru.
626 2956 721 3021 Venit
734 2962 823 3023 etiam
