2117 3984
191 471 259 545 282
307 483 311 490 ·
366 443 666 540 demon
719 505 721 512 ·

183 585 295 647 tradere
313 603 384 657 me;
399 580 479 643 fratri
497 600 613 656 autem,
627 581 700 643 illud
720 603 783 644 non
801 584 874 648 utile

183 665 269 726 nobis
289 659 297 725 τ’
315 684 384 724 narn
403 679 506 742 praeter
527 661 645 724 fratrem
669 682 759 723 nemo
783 683 869 740 erat,

181 765 273 826 quem
297 747 359 806 sine
384 743 559 803 contumelia
579 740 746 883 quaestori,
777 745 875 808 nobili

183 825 364 906 praesertim,
380 822 563 884 anteferrem.
610 844 713 898 amen,
733 824 806 886 dum
817 827 875 886 im·

184 909 316 986 pendere
328 905 423 965 Parthi
433 904 625 978 videbantur,
643 901 800 966 statueram
810 904 873 968 fra-

183 1003 259 1048 trem
292 985 481 1065 relinquere,
510 1000 559 1043 aut
589 988 680 1044 etiam
706 984 874 1065 reipublice

184 1067 270 1128 causi
294 1081 394 1126 contra
412 1062 682 1125 senatusconsultum
698 1067 708 1124 i
730 1064 759 1125 se
775 1085 874 1128 rema-

184 1166 254 1207 nere
272 1166 279 1203 ι
298 1147 347 1225 qui
364 1141 464 1224 postea
488 1143 577 1224 quim
599 1148 676 1204 incre
700 1147 706 1158 “
730 1145 761 1204 ili
779 1145 876 1208 felici-

183 1242 243 1286 tate
264 1224 473 1296 discesserunt,
499 1222 607 1283 sublata
635 1223 780 1285 dubitatio
803 1223 872 1288 est:

184 1305 322 1366 videbam
340 1307 504 1365 sermonen:
515 1303 563 1362 hui
581 1303 588 1361 Ι
605 1302 724 1365 fratrem
734 1305 872 1386 reliquit?

184 1407 255 1446 num
265 1384 306 1445 est
318 1385 374 1445 hoc
389 1405 449 1444 non
459 1383 525 1464 plus
535 1404 642 1442 annum
655 1385 790 1445 obtinere
805 1405 874 1466 pto·

185 1464 338 1526 vinciam?
360 1464 452 1546 quid,
470 1463 551 1543 qubd
567 1463 678 1523 senatus
700 1484 754 1524 eos
777 1465 876 1528 voluit

80 1610 81 1615 χ
186 1546 306 1628 praesse
324 1545 500 1626 provrnciis,
516 1545 567 1625 qui
584 1563 645 1603 non
666 1541 875 1623 praefuissent?

187 1643 216 1686 at
234 1627 281 1686 hic
297 1628 461 1687 triennium.
481 1621 558 1704 Ergo
580 1624 641 1684 haee
661 1622 700 1683 ad
719 1626 876 1705 populum.

188 1702 877 1786 Quid,quae'tecum?numquameffemsine'cu·

187 1806 218 1844 ra
228 1830 238 1858 ,
248 1785 351 1865 siquid
365 1785 547 1857 iracundius,
559 1802 606 1843 aut
618 1785 876 1862 contumeliosius,

188 1881 239 1924 aut
249 1866 459 1946 negligentius3
475 1885 540 1944 quae
558 1863 613 1924 fert
631 1867 692 1924 vita
708 1865 876 1926 homiuum.

188 1939 273 2021 Quid
282 1946 321 2017 ,si
330 1943 399 2023 quid
408 1941 483 2002 tilius
497 1962 592 2021 puer,
604 1943 717 2024 &puer
732 1945 812 2006 bene
821 1946 878 2008 ribi

187 2021 279 2084 fidens
289 2024 299 2084 d
311 2025 360 2106 qui
371 2020 440 2082 effen
451 2022 537 2081 dolor
545 2022 556 2081 d
564 2042 652 2103 quem
661 2041 744 2103 pater
757 2023 822 2084 non
832 2024 877 2086 ’ἅί-

187 2104 338 2176 mittebat3
349 2121 438 2183 teque
448 2102 599 2163 idcensere
614 2102 736 2163 moleste
754 2103 877 2168 ferebat.

188 2181 231 2244 At
243 2207 318 2245 nunc
337 2181 473 2257 Coelius,
488 2204 550 2241 non
565 2182 630 2283 diqo
650 2184 789 2262 equidem
807 2185 877 2267 quid

188 2283 283 2406 igidi
295 2262 385 2416 inii,1
396 2263 739 2422 ιῖἒῗὲζὲωῗῗὲἳὲῖῗέῗ
753 2264 878 2419 ὶῗῗῗὲῗέ

187 2424 349 2498 radicibus,
363 2421 408 2502 Q
422 2421 556 2483 Cassium
573 2425 633 2483 sine
651 2423 727 2484 sorte
746 2424 813 2485 dele
835 2427 876 2500 't,

187 2502 283 2563 Caesar
296 2506 475 2565 Antonium:
493 2524 550 2585 ego
567 2503 643 2564 sorte
660 2500 761 2564 datum
774 2525 794 2564 ο
854 2537 870 2552 -

187 2581 308 2648 derem?
323 2602 355 2643 ut
371 2586 458 2645 etiam
470 2586 626 2664 inquireret
638 2586 667 2642 in
688 2604 774 2658 euru,
784 2604 875 2667 quem

187 2660 359 2742 reliquiffem
385 2663 396 2721 ἓ
419 2663 487 2723 Hoc
516 2665 643 2737 melius3
665 2664 697 2723 ὅ(
722 2662 806 2744 hujus
829 2667 877 2726 rei

188 2741 269 2822 plura
295 2743 429 2821 exempla
446 2764 452 2800 :
470 2742 606 2804 senestuti
630 2746 750 2825 quidem
771 2743 878 2826 nostra

190 2819 324 2901 profeiib
345 2826 446 2901 aptius.
464 2822 506 2882 At
521 2842 550 2884 te
571 2826 648 2904 apud
664 2846 752 2898 eum,
769 2825 811 2886 dii
822 2825 880 2886 bo-

189 2903 240 2963 ni!
259 2918 362 2985 quanta
377 2905 405 2960 in
424 2904 511 2982 gratia
531 2905 612 2983 posui
625 2906 636 2964 ?
651 2908 736 2987 eique
750 2906 811 2989 legi
831 2906 881 2968 lit-

188 2998 263 3046 teras
276 3003 346 3043 non
370 2999 432 3044 tuns
443 3027 453 3057 ,
474 2982 524 3045 sed
550 2986 656 3047 librarii
676 2989 728 3048 tui.
748 2986 879 3050 Amico-
