2117 3984
196 471 264 542 260
379 469 680 537 Enrsrozn

191 585 250 644 beo
264 586 294 642 in
308 581 418 643 deliciis
432 627 442 656 ,
458 580 624 663 obsequor,
643 580 741 641 verbis
758 581 867 658 laudo}
893 585 913 624 ἶ

192 684 288 736 orno·,
307 661 403 725 efficio
422 682 460 722 ne
480 665 525 721 cui
545 658 656 720 molesti
678 664 745 721 sint.
764 664 803 723 'rb
818 689 867 723 ιι·
894 667 913 708 ²

228 744 378 816 lassessit,
392 741 486 802 usuras
502 761 625 812 eorum,
644 761 716 822 quas
733 739 867 822 paelionh
895 741 913 800 .'·l

214 843 246 881 us
269 821 496 902 adscripserant,
516 820 640 881 servavit
661 823 751 880 etiam
771 819 868 882 Servi·
880 825 913 872 'l'

193 901 258 963 lius.
279 901 342 984 Ego
365 904 428 961 sic:
451 902 529 960 diem
550 898 642 959 statuo
669 899 735 960 satis
759 900 868 974 laxam
897 907 908 948 ¹

197 1003 284 1063 quam
301 998 366 1040 ante
383 983 408 1039 si
425 980 563 1041 solverint
576 1024 585 1052 ,
600 981 665 1039 dico
683 1001 733 1041 me
747 983 869 1042 centeri·
894 989 913 1050 -ζ

196 1082 257 1122 mas
274 1059 444 1132 duclurum3
463 1063 487 1119 si
506 1079 568 1118 non
583 1058 722 1120 solverint
735 1104 745 1132 ‚
758 1080 796 1119 ex
808 1081 876 1141 pac·¹
901 1071 913 1140 ’ἦ

194 1145 283 1202 tione.
304 1139 404 1220 ltaque
423 1141 456 1200 &
479 1138 577 1200 Graeci
603 1138 718 1200 solvunt
736 1141 871 1200 tolerabili
902 1141 913 1192 ἱ

194 1218 337 1292 foenore,
359 1221 391 1279 &
409 1219 566 1300 publicanis
582 1238 628 1278 res
647 1217 688 1277 est
760 1221 871 1282 tissime
904 1237 913 1276 r

194 1297 240 1357 Sic
257 1300 307 1358 illa
322 1298 379 1376 jam
397 1300 524 1370 habent,
544 1298 634 1378 pleno
650 1319 701 1358 mo
725 1302 756 1359 io
769 1301 872 1362 verbo·¹
906 1311 913 1352 t

194 1399 259 1437 rum
269 1380 431 1453 honorem,
443 1381 642 1440 invitationem
651 1377 799 1439 crebram:
810 1379 871 1461 qnid
909 1397 913 1454 ξ

195 1459 300 1539 plura?
319 1458 381 1520 sunt
397 1479 498 1520 omnes
514 1462 555 1517 ira
568 1458 639 1516 mihi
654 1457 831 1535 familiares,
844 1475 873 1522 nt

196 1539 226 1600 se
239 1538 358 1620 quisque
372 1540 494 1599 maxime
506 1555 604 1620 putet:
621 1536 671 1597 sed
685 1555 788 1600 tamen
801 1539 872 1617 pelli.

198 1621 295 1686 nivale.
312 1620 373 1680 Scis
388 1621 505 1699 reliqua.
522 1617 571 1677 De
586 1615 673 1677 statua
685 1616 817 1678 Africani
824 1611 874 1758 gl

196 1698 570 1776 πμγμᾶτονὰσυγκλᾶςυνέ
593 1697 642 1757 sed
658 1701 728 1758 mei
751 1698 814 1760 sum
861 1751 865 1756 .

198 1775 312 1835 leslavit
327 1780 357 1836 in
371 1782 426 1837 tuis
440 1776 564 1857 litteris)
582 1779 635 1836 ain'
651 1778 703 1838 tn?
721 1721 821 1858 scipio
832 1777 875 1838 bit

198 1853 336 1914 Metellus
360 1877 500 1936 proauum
521 1856 602 1915 suum
621 1857 709 1917 nescit
731 1858 878 1919 censorem

198 1954 258 1993 non
278 1933 356 1994 fuisse
376 1938 387 1997 ἓ
409 1956 494 2017 atque
516 1937 587 1996 nihil
607 1936 706 1998 habuit
731 1937 811 1998 aliud
830 1941 878 1998 in-

198 2012 333 2093 scriptum
347 2019 402 2076 nisi
414 2037 485 2079 cos.
497 2036 533 2076 ea
546 2016 653 2090 statua,
671 2040 735 2099 quae
749 2019 787 2078 ad
801 2015 876 2100 Opis

198 2113 251 2173 per
268 2113 297 2155 re
314 2101 408 2175 posita
422 2101 451 2157 in
467 2096 580 2157 excelso
600 2095 657 2158 est:
677 2098 770 2157 inilia
789 2099 857 2158 item
866 2121 878 2169 ,·

198 2193 262 2253 quae
277 2175 366 2236 estad
382 2178 565 2250 nutritiam,
580 2176 695 2238 hercule
709 2178 878 2258 'inscriptum

200 2253 240 2313 eli
272 2276 343 2318 cos.
373 2278 458 2337 quam
489 2254 544 2315 'else
576 2255 704 2335 ejusdem
725 2301 735 2332 ,
762 2255 879 2330 status,

201 2334 320 2395 amisius
332 2339 469 2410 ,annulus
480 2381 489 2409 ,
501 2339 597 2416 imago
610 2337 671 2417 ipsa
681 2336 818 2398 declarat.
840 2335 879 2397 At

201 2415 365 2476 mehercule
389 2438 467 2498 ego,
489 2436 579 2494 quum
597 2419 627 2476 in
649 2435 743 2477 turma
766 2421 880 2478 inaura·

200 2511 292 2554 tarum
311 2491 510 2576 equestrium,
539 2515 607 2574 quas
627 2496 672 2554 hic
695 2498 831 2558 Metellus
848 2499 879 2556 in

201 2571 350 2653 Capitolio
372 2578 485 2656 posuit,
504 2575 765 2638 animadvertissem
779 2580 809 2638 in
826 2575 881 2636 Se·

201 2656 326 2730 rapionis
343 2655 544 2736 subscriptione
562 2654 689 2716 Africani
704 2660 881 2739 imaginem,

202 2750 324 2792 erratum
346 2735 445 2795 fabrile
467 2736 586 2816 putavi3
608 2757 683 2796 nunc
703 2738 794 2798 video
811 2736 882 2797 Me·¹

202 2812 273 2871 telli.
293 2825 317 2871 o
336 2821 403 2877 ἄκεα
421 2821 492 2878 reson
512 2815 644 2892 turpem!
663 2816 739 2876 Nam
757 2817 829 2877 illud
846 2815 882 2878 de

203 2892 303 2952 Flavio
325 2890 391 2950 &f
427 2895 474 2966 is,
501 2895 525 2952 si
542 2892 620 2954 secus
643 2894 706 2968 est,
727 2915 882 2958 commune

205 2990 327 3034 erratum
345 2970 406 3048 est;
425 2973 455 3034 ὃ(
472 2972 596 3034 tubelle
613 2980 765 3055 ἦπὸςιαςς
782 2977 814 3038 &
830 2997 884 3037 nor

89 3423 230 3533 ἢ
