2117 3984
301 496 360 547 Ao
380 481 588 548 Arrrcum
607 481 694 553 Lm.
712 483 761 551 X.
795 503 863 579 453

189 590 285 652 dicere
308 591 319 651 ἓ
348 592 380 651 &
401 593 520 671 quidem
543 594 625 652 illum
645 599 738 675 rogari
758 598 867 676 prius?

187 670 290 752 praestb
311 670 367 732 effe
389 674 525 732 clientem
545 688 626 731 tuum
647 672 807 737 Cloelium?
827 676 867 739 C.

187 750 266 814 Ateii
284 751 492 832 Plaguleium?
514 752 648 813 ceteros?
665 752 723 812 Sed
740 774 789 813 cur
808 758 867 815 ini-

185 833 279 892 micos
298 831 430 911 colligo?
446 834 495 911 qui
510 853 592 893 meos
607 829 775 893 necessarios
790 856 867 896 ame

184 911 324 974 defensos
342 930 396 971 nec
411 912 509 972 videre
525 913 555 971 in
570 917 647 975 curia
662 916 724 972 sine
744 912 867 988 dolore,

183 1011 243 1053 uec
265 990 369 1052 versari
393 990 466 1051 inter
486 1011 538 1052 eos
559 995 620 1053 sine
643 993 787 1053 dedecore
808 1011 869 1072 po·

167 1087 263 1148 tero.
287 1069 369 1147 Quid
388 1073 412 1129 si
427 1091 463 1131 ne
481 1072 511 1130 id
532 1073 651 1151 quidem
673 1072 715 1132 est
734 1072 870 1152 explora-

184 1167 273 1224 tum,
295 1149 358 1210 fore
379 1166 412 1209 ut
429 1150 501 1209 mihi
516 1152 627 1212 liceat?
646 1152 770 1213 scribunt
790 1155 869 1213 enim

184 1231 225 1293 ad
246 1249 295 1290 me
319 1233 404 1290 mnici
422 1228 511 1309 ejus,
534 1252 582 1292 me
609 1232 648 1291 illi
671 1233 751 1293 nullo
774 1233 867 1293 modo

182 1309 371 1384 -sutisfeciffe,
391 1311 472 1391 quod
490 1313 518 1369 in
539 1311 668 1373 senatum
691 1333 751 1372 non
771 1332 867 1373 vene·

185 1394 259 1452 rim:
276 1407 411 1452 tamenne
429 1393 611 1466 dubitemus,
624 1414 660 1453 an
673 1395 700 1452 ei
714 1413 767 1453 nos
780 1396 869 1453 etiam
947 1419 949 1422 ’

186 1491 258 1532 eum
277 1472 407 1554 periculo
427 1471 636 1547 venditemus,
658 1476 774 1551 quicum
793 1494 869 1532 con-

186 1550 278 1633 jundti
298 1572 335 1611 ne
358 1572 424 1610 cum
449 1555 570 1630 praemio
588 1553 706 1632 quidem
723 1554 867 1613 voluimus

187 1631 278 1695 effe?
302 1630 420 1692 Deinde
440 1632 497 1692 hoc
516 1633 609 1706 vide,
632 1654 691 1693 non
710 1631 766 1692 effe
788 1630 868 1711 judi-

184 1716 269 1775 eium
288 1712 325 1773 de
345 1728 409 1772 tota
430 1714 616 1773 contentione
638 1713 668 1771 in
695 1711 866 1793 Hispaniis:

188 1795 246 1855 nisi
255 1791 349 1866 forte,
363 1794 398 1850 iis
407 1795 534 1867 amissis,
545 1814 622 1854 arma
632 1792 804 1873 Pompeium
815 1792 868 1853 ab·

189 1871 331 1935 'edurum
355 1889 465 1953 putas;
495 1871 575 1952 cujus
599 1893 687 1933 omne
715 1874 866 1933 eonsilium

183 1995 186 2000 -
220 1951 438 2014 hemistocleum
456 1951 515 2013 est:
538 1951 678 2013 existimat
692 1955 795 2027 enim,
818 1955 867 2032 qui

181 2053 274 2095 -mare
292 2031 409 2106 teneat,
426 2053 494 2093 eum
510 2031 621 2093 necesse
640 2052 735 2092 rerum
755 2034 865 2111 potiri:

187 2114 290 2194 itaque
311 2116 359 2193 qui
376 2134 535 2193 numquam
555 2113 586 2171 id
606 2114 686 2192 egit,
709 2129 741 2172 ut
758 2111 867 2191 Hispa-

188 2196 248 2258 niae
269 2212 321 2273 pet·
337 2194 366 2253 se
382 2211 570 2265 tenerentur,
589 2191 697 2251 navalis
717 2191 866 2271 apparatis

189 2276 221 2335 ei
239 2272 352 2353 semper
371 2275 566 2352 antiquissima
584 2291 651 2330 cura
665 2269 727 2329 fuit.
742 2270 869 2349 Naviga-

183 2354 237 2415 -bit
257 2355 367 2447 igitur,
388 2374 477 2435 quum
500 2356 555 2413 erit
574 2369 714 2429 tempus,
739 2352 871 2410 maximis

191 2433 353 2506 elessrbus,
372 2434 404 2493 &
423 2434 459 2492 ad
477 2431 587 2492 Italiam
604 2431 744 2503 accedet3
762 2433 792 2489 in
812 2449 869 2509 qua
921 2469 923 2474 ·

191 2534 250 2573 nos
274 2512 404 2574 sedentes
427 2513 496 2592 quid
513 2516 618 2571 erimus
640 2510 651 2569 ἓ
670 2531 738 2570 nam
756 2511 870 2570 medios

193 2590 253 2654 ess‘e
272 2591 332 2671 jam
355 2615 415 2654 non
434 2593 541 2652 licebit.
569 2590 715 2652 Classibus
734 2590 871 2653 adversa·

192 2673 291 2733 bimur
308 2674 416 2755 igitur?
435 2672 540 2751 Quodv
554 2672 662 2732 malum
680 2668 771 2747 majus
792 2671 871 2731 scili-

193 2769 243 2813 cet
260 2769 373 2813 tantum
395 2753 406 2812 i
427 2754 493 2812 deni
515 2772 552 2812 ue
572 2751 641 2832 quid
659 2755 769 2831 turpius
789 2750 800 2810 i
821 2750 871 2808 An

235 2835 247 2893 i
267 2831 330 2912 ejus
350 2833 472 2893 absentis
494 2774 577 2891 dolus.
589 2832 641 2891 tuli
660 2831 769 2903 scelus,
793 2826 873 2906 ejus·

192 2854 261 2974 ἕξω
281 2933 347 2973 cum
362 2912 505 2991 Pompeio
525 2912 557 2971 ὃ(
576 2929 642 2970 cum
662 2911 776 2990 reliquis
792 2910 873 2989 prin-

193 2995 310 3076 cipibus
328 3014 390 3056 non
403 2990 520 3054 feram?
543 2989 637 3072 Quod
654 2992 678 3052 si
695 2989 773 3072 jam,
791 2985 875 3049 miffo
