2117 3984
171 463 175 468 '
241 479 303 534 an
323 463 529 532 Arrrcvrt
546 464 632 533 ΜΒ.
651 463 712 535 VI.
749 487 812 564 25¹

135 599 204 644 uem
223 569 352 655 miserit,
371 578 511 661 quidquid
529 582 625 660 potuit
642 583 816 659 detraxerit,

134 663 204 722 milli
215 659 529 733 tradiderirucnedlam,
548 687 572 720 t
587 668 819 742 οηνιτμφιμίιιι

134 761 237 804 eam-a
253 761 305 803 mc
321 756 382 801 non
396 740 519 826 libenter
537 689 640 813 videt3
659 740 707 800 sed
722 745 817 804 modb

134 822 306 896 succenset,
321 821 413 882 modb
432 823 536 903 gratias
557 823 634 901 agit:
650 822 719 880 nihil
735 827 813 884 enim

135 919 215 963 atne
231 901 267 963 fit
282 919 351 962 curn
368 901 427 961 ulla
445 902 518 962 illius
543 902 735 962 contumelia:
752 921 818 963 tan·

135 984 291 1044 nummodo
303 981 505 1043 dissimilitudo
516 1001 589 1042 meae
599 983 717 1042 rationis
726 982 817 1044 offen·

135 1059 174 1125 dit
189 1065 354 1124 bominem.
371 1059 457 1141 Quid
479 1063 557 1122 euim
577 1060 671 1142 potest
687 1061 743 1123 elle
755 1079 816 1124 tam

135 1144 296 1218 dissimile,
316 1141 404 1224 qulm
423 1142 475 1202 illo
493 1144 676 1222 imperante,
697 1144 819 1205 exhaus-

136 1237 193 1284 ram'
213 1223 274 1286 esl'e
294 1222 478 1303 sumptibus,
505 1223 537 1283 δι
556 1220 668 1299 jacburis
690 1228 817 1304 provin-

136 1307 227 1380 ciam3
242 1304 333 1364 nobis
350 1323 416 1363 eam
431 1304 647 1376 obtinentibus,
663 1325 815 1366 nummum

136 1385 244 1446 nullutn
268 1382 327 1445 esse
347 1404 399 1444 ero
420 1397 499 1442 trum
518 1401 572 1442 nec
591 1387 745 1462 privatim,
759 1406 817 1445 nec

137 1465 247 1544 publice
263 1465 274 1524 l
293 1463 381 1544 Quid
397 1403 491 1523 dicam
507 1463 545 1522 de
562 1464 636 1523 illius
654 1463 818 1543 praesedlis?

141 1547 291 1606 muribus
306 1545 318 1604 ἓ
333 1543 457 1626 legatis?
473 1546 561 1604 etiam
575 1544 612 1603 de
630 1546 760 1623 rapinis?
779 1546 818 1607 dc

136 1624 324 1687 libidinibus?
344 1625 381 1686 de
399 1624 603 1685 contumeliis?
624 1644 699 1683 nunc
719 1641 817 1686 autem

135 1706 237 1768 domus
261 1705 427 1767 mehercule
454 1705 532 1764 nulla
560 1720 641 1764 tanto
666 1707 788 1766 consilio
805 1705 823 1781 ‚l

136 1788 280 1848 ructanti
303 1784 454 1866 disciplina
474 1786 669 1867 gubematur,
689 1801 736 1845 aut
756 1805 819 1847 tam

136 1865 265 1929 modesta
282 1865 347 1940 est,
366 1865 452 1947 quim
470 1864 565 1925 nostra
579 1884 641 1926 tota
656 1869 816 1946 provincia.

136 1946 218 2008 lianc
236 1947 372 2008 nonnulli
389 1947 473 2006 amici
489 1944 580 2025 Appii
596 1945 712 2006 ridicule
730 1950 819 2007 inter·

137 2043 315 2107 precantium
343 2028 394 2106 qui
417 2045 466 2086 me
485 2026 594 2085 idcirco
616 2041 718 2104 putent
739 2029 816 2087 bene

141 2109 233 2169 audire
242 2108 343 2180 velle,
359 2122 391 2166 ut
406 2107 455 2165 ille
471 2107 545 2165 mal'e
564 2106 659 2164 audiat
674 2150 683 2180 ,
700 2105 732 2164 &
744 2105 821 2166 rettt

143 2185 232 2249 ficere
253 2209 315 2249 non
333 2207 407 2246 meae
426 2187 538 2257 laudis,
557 2185 607 2244 sed
625 2186 698 2243 illius
717 2203 821 2246 contu-

139 2269 230 2328 melia
243 2268 340 2329 causi.
353 2266 402 2327 Sin
416 2267 547 2347 Appius,
561 2280 593 2323 ut
608 2264 689 2323 Bruti
700 2263 820 2340 litterae,

137 2367 207 2430 quas
219 2349 256 2409 ad
271 2367 302 2409 te
317 2350 402 2420 misi,
415 2349 438 2406 si
458 2345 630 2416 nificabant,
647 2347 749 2426 gratias
765 2367 824 2405 no«

136 2429 183 2488 bis
203 2433 291 2512 agit,
313 2449 374 2488 non
392 2367 511 2487 molesti
534 2426 596 2486 sero
618 2447 625 2485 ι
654 2424 704 2485 sed
723 2443 821 2522 tamen

135 2509 262 2664 bghdllff
274 2509 442 2670 edgirbbdllrl
450 2508 614 2665 eldscrstdld
622 2507 737 2669 ,liblbldd
750 2507 824 2650 llll:

136 2667 233 2729 slitura
257 2671 290 2729 δι
314 2668 404 2741 atta,
427 2668 540 2728 tollere.
563 2667 646 2727 Nune
668 2671 757 2730 venio
782 2670 821 2731 ad

107 2748 111 2754 ’
135 2745 285 2822 Brutum,
309 2769 398 2829 quem
409 2768 464 2831 ego
479 2752 561 2808 omni
576 2747 688 2823 studio,
702 2768 731 2811 te
750 2772 827 2810 auca

136 2846 204 2889 tore
221 2869 232 2901 ,
252 2827 313 2888 sum
329 2830 513 2909 complexus:
526 2850 615 2909 quem
625 2833 713 2890 etiam
727 2849 825 2889 amare

138 2926 311 2989 coeperam:
333 2908 462 2970 sed...
478 2910 545 2970 dico
564 2912 574 2970 i
600 2911 736 2971 revocavi
753 2915 825 2980 me',

139 3007 178 3050 ne
196 3005 226 3052 te
245 2987 437 3056 offenderem.
455 2990 527 3055 Noli
543 2993 622 3052 enim
631 3007 759 3131 lputrue,
774 3007 826 3049 me

675 3088 708 3144 vt
