2117 3984
259 491 329 588 456
364 451 391 554 ,Ι
442 488 775 553 Emrom·

257 627 312 744 Kus
331 600 372 664 est
389 622 444 662 nos
462 602 498 662 de
513 601 563 659 illa
577 596 794 693 perpetuajam
806 643 816 673 ‚
830 619 889 660 non
900 599 933 660 de

813 680 937 820 rr

508 805 520 835 ἱ

256 841 441 915 interfuerit,
457 844 553 902 utrlrm
566 839 671 899 failum
689 841 832 915 videam,
847 840 937 902 arfr-

216 937 219 942 ’
256 941 355 985 turum
367 919 423 982 elle
437 921 529 981 multi>
541 921 606 979 anti
615 920 753 981 viderim.
766 920 848 1000 Quae
856 942 941 1003 quum

259 1007 299 1063 ita
318 1005 374 1063 sint
392 1045 404 1072 ,
424 1021 485 1060 non
508 998 550 1060 est
567 1001 838 1075 committendum,
861 1021 893 1062 nt
911 1003 942 1062 iis

258 1101 409 1165 pareamus
426 1125 435 1154 ,
451 1101 524 1160 quos
545 1095 648 1138 contra
669 1101 717 1141 me
740 1080 884 1155 senatus,
906 1101 942 1142 ne

261 1162 334 1243 quid·
350 1160 399 1220 res
414 1160 508 1220 ublica
528 1160 694 1220 detrimenti
713 1165 879 1242 acciperet,
896 1183 943 1221 ar·

260 1244 359 1302 mavit.
402 1240 442 1299 ibi
456 1239 519 1300 sunt
533 1243 632 1300 omnia
643 1243 865 1314 commendam
877 1262 941 1322 quae

258 1320 603 1383 commendationis'meae
614 1341 669 1401 pro
677 1325 832 1382 tuoinnos
841 1341 941 1382 amore
970 1339 972 1343 ·

259 1424 321 1463 non
341 1400 482 1481 indigent.
503 1400 551 1460 Ne
570 1401 667 1462 hercle
689 1422 747 1483 ego
765 1402 881 1483 quidem
896 1418 943 1462 re·

265 1485 369 1563 perio,
383 1481 463 1561 quod
479 1480 617 1540 scribam:
637 1481 724 1543 sedeo
742 1484 821 1544 enim
835 1481 945 1545 cml·-

262 1570 312 1624 ³5·
331 1583 339 1621 ι
361 1564 415 1622 etsi
436 1561 508 1620 nihil
524 1582 663 1642 umquam
676 1580 737 1621 tam
751 1562 805 1624 fuit
817 1562 946 1623 scriben-

261 1641 355 1717 dum,
371 1641 458 1723 quim
474 1642 544 1700 nihil
558 1641 629 1700 mihi
645 1663 783 1723 umquam
800 1663 839 1705 ex
855 1643 946 1723 pluri·

261 1725 317 1780 mis
338 1724 394 1781 tuis
416 1719 638 1800 jucunditatibus
659 1724 765 1803 gratius
787 1721 947 1797 accidille,

258 1800 349 1882 quim
365 1801 445 1882 qubd
461 1823 559 1863 meam
575 1800 699 1861 Tulliam
713 1801 882 1864 suavissimi
901 1804 948 1864 di-

256 1881 507 1962 ‚ligentissimique
520 1880 646 1942 coluisti:
664 1882 750 1941 valde
762 1902 802 1943 eo
813 1884 875 1963 ipsa
890 1884 947 1944 de·

262 1960 364 2021 leGata
379 1960 443 2033 est3
461 1982 520 2044 ego
539 1980 632 2023 autem
649 1981 708 2021 non
724 1964 840 2044 minis:
860 1959 945 2039 cujus

261 2042 380 2123 quidem
392 2045 482 2104 virtus
496 2041 623 2102 mirifica.
635 2038 710 2120 Quo
723 2043 816 2102 modo
827 2042 878 2102 illa
887 2040 946 2103 fert

262 2123 407 2203 publicam
427 2123 539 2191 cladem
555 2124 565 2182 ἓ
586 2143 644 2202 quo
660 2124 751 2183 modo
766 2121 945 2184 'domesticas

262 2203 371 2264 tricas?
392 2221 511 2285 quantus
531 2219 628 2262 autem
647 2206 758 2263 animus
777 2206 808 2264 in
826 2201 942 2264 discellu

262 2282 383 2343 nostro?
399 2286 434 2343 sit
453 2284 551 2356 comi,
569 2285 605 2343 sit
620 2281 729 2343 summa
747 2283 877 2352 ‹ln-in:
895 2299 944 2340 ta·

262 2382 331 2423 men
342 2384 396 2423 nos
410 2362 484 2423 reili
497 2363 611 2433 facere,
626 2364 659 2422 &
673 2365 749 2424 bene
760 2361 855 2423 audire
866 2361 944 2424 vult.

263 2440 322 2502 Sed
346 2445 398 2503 hac
418 2444 501 2524 super
524 2448 556 2503 're
575 2446 660 2502 nimis
680 2464 690 2515 3
711 2465 749 2505 ne
767 2462 863 2503 meam
884 2442 944 2522 ipse

263 2517 426 2595 ovpoekliar
443 2523 502 2601 jam
522 2543 656 2584 evocem.
675 2522 751 2597 Tu,
774 2526 797 2582 sl
817 2523 885 2600 quid
904 2521 942 2581 de

263 2597 409 2676 Hispaniis
429 2606 555 2678 certius,
574 2605 605 2663 &
625 2606 648 2663 si
664 2604 731 2685 quid
751 2601 847 2674 aliud,
869 2601 945 2659 dum

262 2676 394 2737 adsumus
413 2724 423 2753 ,
445 2682 571 2743 scribes:
594 2685 625 2743 &
644 2704 699 2765 ego
718 2678 831 2742 fortalle
849 2680 947 2741 ‹lisce-

262 2757 335 2817 dens
357 2758 433 2818 dabo
454 2762 490 2819 ad
510 2781 540 2822 te
564 2764 690 2844 aliquid3
710 2764 748 2823 eb
767 2764 855 2823 eliam
878 2783 947 2822 ma-

261 2840 324 2921 gis,
343 2839 422 2919 qubd
434 2837 530 2900 Tullia
544 2857 574 2902 te
589 2865 649 2903 non
666 2845 783 2923 putabat
796 2843 853 2902 hoc
869 2858 947 2903 tem·

262 2939 334 2999 pore
359 2939 396 2979 ex
422 2918 512 2981 ltalia.
538 2921 616 2983 Cum
643 2923 777 2986 Antonio
807 2925 879 2983 item
906 2922 947 2983 est

250 3000 412 3081 -agendum
430 3047 440 3077 ‚
457 3018 490 3063 ut
509 3025 576 3068 cum
589 3002 751 3083 Curione,
766 3004 878 3067 Melitae
898 3023 946 3144 nise

877 3103 912 3146 ve
925 3103 949 3146 lt
