2117 3984
176 587 179 592 ,
237 530 299 581 An
320 512 715 585 ArrrcurrLrn.IV.
754 516 819 589 181

136 628 321 690 servitutem:
339 628 487 687 communi
499 626 599 688 frueris
612 633 746 690 nomine:
759 651 822 712 ego

134 711 209 772 verb
223 753 237 782 ,
254 710 306 788 qui
323 751 333 780 ,
357 711 381 766 si
398 708 504 786 loquor
523 710 559 767 de
583 710 727 790 republica
740 712 823 792 quod

135 799 280 870 oportet,
302 786 431 858 insanus;
452 789 475 847 si
495 788 576 868 quod
591 812 664 869 opus
682 789 721 849 cst
735 836 745 864 ,
761 791 820 851 ser·

135 891 189 931 vus
202 868 373 940 exillirnor3
388 869 412 926 si
427 884 532 941 taceo,
551 868 698 949 oppressus
709 871 739 928 ὃ(
752 892 822 951 cap·

137 970 210 1022 ψη
236 970 296 1029 quo
317 949 421 1008 dolore
441 946 497 1008 elle
522 949 649 1009 debeo?
674 970 733 1029 quo
757 951 820 1010 sum

137 1030 268 1103 scilicet,
287 1028 344 1088 hoc
364 1032 451 1089 etiarn
469 1032 599 1102 acriore,
617 1031 750 1111 quodne
770 1032 821 1090 do-

137 1112 196 1172 lere
213 1109 335 1192 quidem
353 1106 485 1188 polium,
505 1129 537 1169 ut
558 1132 617 1169 non
631 1112 660 1170 in
682 1130 756 1171 ratus
773 1114 823 1171 vi·

139 1192 213 1252 dear.
239 1189 328 1268 Quid
352 1192 375 1248 si
401 1188 504 1248 cellare
520 1190 633 1263 libeat,
713 1195 744 1251 in
767 1195 822 1251 otii

138 1288 253 1353 portum
274 1268 458 1352 confugere?
483 1267 683 1351 Nequicquarn
699 1292 706 1329 :
725 1273 821 1332 immo

139 1356 221 1414 etiam
239 1355 272 1411 in
290 1351 399 1410 bellum
415 1351 446 1410 &
463 1352 492 1408 in
509 1351 606 1411 callra,
621 1350 698 1433 Ergo
713 1355 823 1411 erimus

139 1431 228 1494 iudai
247 1477 258 1505 ‚
287 1434 337 1511 qui
353 1439 433 1502 ταγοὶ
449 1428 505 1489 ess'e
523 1431 689 1507 noluimus?
710 1433 750 1489 sic
771 1433 820 1490 l'a-

140 1513 270 1574 ciendum
293 1511 354 1572 est:
377 1511 427 1568 ribi
447 1513 525 1570 enirn
543 1515 598 1590 ipsi
618 1558 627 1586 ,
645 1514 690 1570 cui
709 1514 819 1570 utinam

138 1590 246 1673 semper
262 1589 435 1671 paruissem,
454 1592 494 1648 sic
513 1592 602 1651 video
619 1591 743 1671 placere.
761 1590 822 1652 Rei

137 1672 201 1770 iifftli
222 1672 289 1743 est,
309 1669 428 1744 incipiat
450 1669 575 1746 ἔλαχες,
600 1671 702 1731 rav'voer
724 1669 822 1747 κε’σμὸ

139 1749 203 1813 hon
232 1749 401 1811 mehercule
430 1749 569 1827 pollum3
600 1752 631 1810 &
656 1749 817 1811 Philoxeno

137 1833 281 1972 iffnosco,
305 1834 353 1912 qui
376 1829 473 1889 reduci
495 1834 524 1888 in
545 1850 689 1892 carcerem
707 1831 819 1892 maluit.

166 1932 349 1976 erumtamen
369 1911 399 1969 id
421 1909 511 1989 ipsum
531 1931 645 1971 mecum
663 1915 696 1970 in
711 1912 754 1970 his
772 1912 821 1971 lo·

138 1997 176 2056 cis
195 2009 399 2062 commentor,
416 2007 446 2049 ut
465 1987 514 2049 ista
529 1993 711 2071 improbem3
729 1993 821 2071 idque

137 2092 192 2148 tu,
209 2095 297 2156 quum
317 2071 375 2132 unit
390 2074 513 2144 erimus,
530 2072 723 2132 confirmabis.
745 2070 774 2131 Α
788 2092 822 2132 te

139 2155 243 2215 litteras
251 2153 355 2216 crebro
371 2152 407 2211 ad
419 2171 466 2211 me
476 2150 559 2211 scribi
570 2154 676 2224 vidco;
688 2151 736 2211 sed
749 2174 821 2211 onr-

139 2255 191 2296 nes
204 2258 256 2298 uno
278 2252 414 2313 ternpore
435 2236 554 2311 accepi:
581 2252 709 2312 quaeres
731 2234 822 2291 etiam

137 2319 216 2378 auxit
237 2317 375 2377 dolorem
395 2332 518 2371 meum:
547 2312 609 2371 casu
633 2314 711 2371 enim
733 2314 821 2372 trinas

133 2397 199 2459 ante
220 2398 369 2479 legeram,
392 2392 494 2474 quibus
514 2392 679 2453 meliuscule
694 2390 818 2453 Lentulo
902 2435 906 2445 .

132 2478 189 2540 effe
211 2477 346 2558 scriptum
368 2493 446 2534 erat:
465 2493 534 2532 ecce
552 2490 659 2553 quartae
680 2471 790 2531 fulmen
809 2493 819 2531 :

130 2558 181 2620 sed
200 2557 269 2630 ille,
290 2575 320 2616 ut
339 2554 457 2633 scripsi,
478 2574 538 2612 non
559 2556 660 2624 miser;
677 2575 730 2611 nos
745 2553 818 2613 verb

129 2637 230 2701 ferrei.
245 2636 344 2716 Quod
366 2655 414 2694 me
431 2633 570 2693 admones
587 2653 619 2694 ur
635 2634 752 2693 scribam
768 2634 817 2694 illa

129 2719 354 2788 Hortensiana,
375 2718 405 2774 in
424 2716 477 2774 alia
495 2716 579 2774 incidi
599 2761 608 2788 ,
631 2737 691 2773 non
708 2718 819 2776 imme-

128 2817 196 2862 mor
217 2799 293 2859 istius
312 2797 439 2856 mandati
454 2795 512 2854 tui:
531 2795 579 2855 sed
594 2796 758 2856 mehercule
774 2799 821 2853 in-

127 2882 269 2963 cipiendo
295 2877 390 2957 refugi
409 2896 418 2947 3
437 2895 496 2947 ne,
519 2877 597 2955 quod
617 2876 720 2936 videor
735 2873 820 2931 stulte

124 2963 203 3024 illius
228 2982 288 3021 non
308 2959 396 3016 amici
416 2958 617 3035 intemperiem
631 2954 738 3025 ruliss'e,
756 2972 820 3009 rur-

126 3042 174 3106 sus
193 3041 278 3105 stulte
296 3036 433 3120 injuriam
454 3036 526 3098 illius
548 3038 651 3100 faciam
664 3031 821 3105 illustrem,
