2117 3984
277 496 345 587 428
473 489 780 562 EPISYOLAE

265 605 543 671 'senatusconsultum
564 603 658 664 facere
685 623 693 661 ε
719 604 814 665 volet
833 600 952 689 augurum

265 690 441 749 decretum:
454 689 623 765 ,rapiemum
645 698 696 743 aut
717 684 861 747 absentes
881 708 953 747 ven·

273 771 389 828 bimur:
407 767 455 829 vel
469 785 501 825 ut
516 764 651 824 consules·
665 782 756 845 roget
776 786 889 845 praetor
900 813 909 841 ‚
920 768 953 827 vd

262 849 442 908 'disiatorem
458 847 550 916 dicat;
563 864 689 927 quorum
705 858 853 906 neutrum
867 846 954 925 jusess.

277 928 359 1002 Sed,
378 931 401 987 si
414 926 489 986 Sulla
509 927 604 1005 potuit
626 923 748 985 efficere
771 927 810 985 ab
829 931 954 1009 interrege

277 1027 310 1067 ut
332 1006 450 1065 didator
469 1006 638 1079 diceretur,
669 1025 721 1064 cur
742 1007 795 1064 hic
818 1028 879 1067 non
901 1030 954 1087 pos-

276 1087 338 1147 sit?
358 1086 438 1145 Nihil
456 1087 605 1165 expedio,
628 1086 684 1143 nisi
706 1103 741 1143 ut
763 1103 817 1145 aut
839 1090 876 1147 ab
894 1090 951 1159 hut,

276 1186 423 1246 tamquam
446 1163 491 1243 Q
516 1165 651 1236 Mucius,
675 1182 725 1223 aut
747 1168 789 1241 ab
808 1168 881 1241 illo,
896 1186 953 1228 tuu-

278 1267 365 1327 quam
392 1246 424 1303 L.
447 1244 556 1323 Scipio.
584 1242 691 1320 Quum
709 1262 751 1319 ,tu
764 1256 766 1261 '
778 1247 843 1305 haec
867 1249 952 1328 leges,

278 1347 336 1407 ego
354 1327 435 1384 ilium
451 1322 564 1383 sortasse
579 1326 769 1384 convenero.
783 1328 877 1387 'rina
888 1372 896 1401 ‚
907 1326 953 1387 ηἰ-

276 1432 354 1480 ripn.
372 1404 417 1464 Ne
432 1404 504 1464 illud
511 1403 634 1484 quidem
647 1400 785 1462 nostrum
803 1409 950 1486 proprium:

277 1487 427 1545 eratenim
443 1484 506 1565 spes
520 1485 680 1564 propinqui
694 1482 832 1557 redinis3
847 1502 904 1546 erat
915 1486 952 1545 iu

266 1567 389 1624 minum
401 1564 518 1644 querela
529 1584 538 1643 ς
555 1584 632 1623 nunc
644 1565 726 1624 exire
742 1567 897 1644 cupimus3
910 1566 950 1645 ud

267 1643 327 1722 -spe
339 1646 445 1705 reditds
458 1644 529 1704 mihi
539 1644 656 1724 quidem
671 1662 839 1725 numquam
852 1649 880 1707 in
891 1646 949 1706 ned·
987 1673 988 1681 ¹

277 1742 338 1784 tem
357 1727 458 1784 venit:
479 1746 539 1784 non
560 1724 651 1783 modi>
676 1744 784 1784 autem
804 1728 949 1808 nullaque·
985 1730 988 1765 ³

277 1805 338 1862 rela
357 1802 397 1863 est
416 1805 630 1883 municipalium
647 1803 836 1879 hominum,
856 1827 888 1867 ac
902 1804 948 1865 rui·
981 1810 988 1869 i

276 1885 421 1955 uicorum,
442 1882 491 1942 sed
516 1883 616 1942 contri
640 1902 782 1945 metuunt
807 1904 838 1946 ut
862 1886 947 1947 crude·

274 1962 358 2039 lem,
379 1967 492 2023 iratum.
511 1961 574 2022 Nee
591 1982 693 2023 tamen
716 1966 790 2024 mihi
810 1968 946 2047 quidquam

277 2043 318 2105 est
338 2044 489 2118 miserius,
507 2043 595 2126 quiun
618 2044 790 2106 remansisse
809 2065 819 2117 ·,
838 2066 888 2105 nec
904 2066 946 2121 op·-

277 2128 382 2199 tatius‚
402 2127 487 2205 quim
508 2126 645 2201 evolare,
662 2143 809 2185 nontam
830 2125 863 2185 ad
878 2124 941 2195 belii,
972 2118 988 2168 ¹2

279 2206 366 2283 quiun
388 2207 424 2264 ad
444 2205 519 2287 fugae
541 2204 724 2265 societatem.
746 2204 810 2266 Sed
828 2224 857 2266 tu
870 2204 941 2264 ouda
977 2210 986 2281 ξ

277 2287 397 2344 consilia
420 2284 570 2345 disserebas
592 2287 621 2342 in
643 2285 682 2342 id·
700 2303 826 2366 tempus
844 2330 853 2360 ‚
873 2300 939 2364 quum
973 2290 988 2359 ,²³

277 2363 435 2437 sciremus,
457 2387 520 2446 quae
540 2364 684 2423 Brundisii
703 2366 770 2424 adia
791 2361 941 2427 essenuSci·
977 2370 980 2379 '

278 2464 341 2502 mus
360 2465 485 2524 nempe:
502 2446 643 2504 haeremus
663 2446 763 2504 nihilb
787 2448 881 2506 minus.
896 2442 944 2500 Vix
982 2455 988 2489 1

278 2528 357 2582 enim
378 2524 459 2603 spero
483 2526 552 2583 mihi
570 2525 644 2583 hunc
665 2529 793 2586 veniam
814 2526 945 2594 demtum,
978 2586 984 2605 ‚

277 2607 333 2661 etsi
352 2607 441 2663 muita
466 2603 555 2664 affero
581 2602 650 2678 justa
671 2606 711 2663 ad
740 2602 946 2685 impetrandum.
979 2594 988 2648 fl

276 2681 336 2740 Sed
357 2685 407 2743 tibi
431 2705 550 2744 omnem
571 2686 644 2743 iilius
667 2704 829 2766 meumque
848 2683 944 2744 sermo·
973 2664 988 2739 i

277 2782 368 2833 nem,
389 2767 525 2823 omnibus
546 2765 640 2824 verbis
659 2766 855 2844 expressum,
872 2762 945 2823 statim
980 2770 988 2842 ξ

276 2857 415 2902 mutam:
444 2861 475 2902 tu
502 2866 577 2904 nunc
597 2847 678 2904 omni
702 2868 811 2907 amore
829 2847 945 2911 enitere,
981 2854 988 2921 ᾗ

277 2940 309 2981 ut
334 2944 387 2982 nos
408 2923 474 2981 curd
497 2926 545 2984 tui
567 2925 599 2983 &
626 2925 788 3003 prudentii
810 2926 896 3001 juves.
914 2920 945 2979 Iti
981 2928 988 2995 J

276 3002 370 3063 subiti>
394 3007 535 3079 accurrit,
558 3022 589 3066 ut
611 3025 648 3067 ne
668 3003 710 3067 Τ.
736 3005 879 3068 Rebilum
895 3003 943 3088 qui
981 3012 988 3048 ³
