2117 3984
223 360 290 414 AD
311 343 521 414 Acrrcurr
540 345 628 430 Luc.
648 346 701 419 11.
753 367 816 446 105

142 455 290 520 rilortaris
312 504 323 533 ,
347 458 411 521 fieri
436 459 507 520 nihil
536 457 640 539 potest.
666 460 820 522 Basilicam

137 539 241 615 labeo,
264 559 331 599 non
357 541 480 615 villam,
502 538 664 622 frequentii
682 542 818 602 Formia-

134 639 255 680 norum:
281 635 317 716 ιτ.
330 641 420 718 quam
467 637 562 715 artem
583 619 735 681 basilicae?
762 626 819 684 tri·
863 671 865 676 .

132 697 600 842 llmfflsslrlzifffi
614 701 818 842 {lculi

88 833 96 1254 p
130 861 185 921 rius
204 861 358 942 proximus
378 859 419 923 est
432 864 565 936 vicinus,
581 863 674 921 immo
691 862 739 923 ille
756 866 821 942 qui·

131 939 197 1002 clem
216 938 279 1021 jam
297 942 534 1014 contubernali„
555 944 604 1023 qui
619 943 707 1002 etiam
726 941 755 1003 se
772 943 820 1003 id·

133 1023 206 1081 circo
228 1019 360 1083 Romam
380 1026 422 1083 ire
442 1039 529 1104 negat
548 1068 557 1097 ,
581 1040 615 1083 ur
632 1022 678 1082 hic
700 1042 817 1085 mecum

96 1127 100 1136 ·
133 1117 209 1162 totos
227 1101 294 1163 dies
338 1102 546 1183 hilolophetur.
567 1100 644 1163 Ecce
668 1123 704 1163 ex
725 1106 816 1166 altera

134 1199 210 1262 porte
226 1125 378 1257 Sebolim
396 1183 447 1243 ille
461 1181 557 1244 Catuli
571 1182 724 1244 familiaris.
741 1184 817 1263 Qui)

89 1269 99 1322 ².
135 1281 179 1322 me
201 1264 343 1324 vertam?
367 1261 461 1323 statim
482 1263 646 1325 mehercule
670 1263 816 1343 Arpinum

137 1341 225 1416 irenr,
247 1345 281 1403 ni
300 1344 380 1405 rein
400 1343 557 1403 Formiano
577 1345 817 1406 commodissime

89 1463 92 1502 Ι
138 1421 286 1504 exspestrrri
316 1424 481 1498 viderem,
512 1425 651 1484 duntaxat
679 1424 716 1482 ad
742 1426 820 1504 prid.

89 1505 91 1530 ¹
139 1499 212 1564 Nou.
229 1503 316 1565 Maii.
334 1503 414 1565 Vide
431 1507 510 1564 enim
529 1505 633 1585 quibus
652 1504 817 1567 hominibus

142 1603 214 1644 aures
230 1585 289 1645 sint
308 1583 416 1645 dedirae
433 1605 518 1647 meae.
544 1583 741 1647 Occasionem
760 1589 819 1646 mi·

142 1661 261 1738 rificam,
285 1666 380 1745 siqui
402 1685 501 1739 nunc,
532 1665 602 1723 dum
623 1665 651 1724 hi
670 1666 746 1745 apud
768 1687 817 1729 me

144 1741 218 1820 sunt,
243 1763 344 1806 emere
361 1745 400 1807 de
419 1766 466 1807 me
486 1745 609 1805 fundum
627 1744 815 1808 Formianum

146 1825 214 1886 velit.
235 1823 272 1886 Et
290 1844 390 1888 tamen
410 1825 481 1886 illud
502 1825 656 1906 probem?
681 1831 817 1907 Magnum

147 1907 204 1983 quid
221 1909 438 1990 aggrediamur,
459 1907 486 1967 o
504 1908 595 1968 mulrae
612 1910 786 1988 cogitationis
805 1953 819 1981 ,

147 2003 217 2063 arque
241 1990 299 2048 orii.
329 1986 388 2049 Sed
416 2004 514 2048 tamen
537 1985 653 2047 satisfiet
672 1990 818 2063 anobis,

152 2081 235 2146 neque
251 2087 381 2149 parcetur
398 2068 500 2129 labori.

248 2185 409 2251 Crcruo
435 2185 599 2247 Arrrco
625 2180 708 2244 Sur..

149 2277 258 2390 ις.οτ
270 2307 389 2380 scribis,
406 2308 446 2366 ira
463 2304 574 2377 video,
591 2323 650 2363 non
667 2304 761 2366 minus
777 2308 821 2367 in·

145 2391 256 2449 certain
272 2388 443 2468 republica,
462 2406 549 2466 quam
567 2386 597 2443 in
616 2382 734 2463 epistola
754 2406 821 2448 rua:

90 2517 92 2524 .
143 2466 186 2529 sed
205 2487 301 2529 tamen
329 2466 380 2527 ista
407 2464 467 2547 ipsa
488 2485 537 2525 me
558 2468 681 2525 varietas
703 2467 820 2530 sermo-

90 2579 92 2596 =
142 2568 220 2622 uum,
232 2551 464 2630 opinionumque
476 2544 612 2605 deleciat:
623 2545 725 2607 Romae
736 2553 819 2611 enim

141 2631 233 2691 videor
249 2627 328 2703 ess'e,
348 2649 440 2708 quum
457 2643 519 2686 tuas
535 2627 644 2688 litteras
661 2628 749 2712 lego,
765 2632 820 2704 δι,

140 2727 167 2768 ur
180 2709 210 2772 fit
228 2713 258 2770 in
276 2714 365 2770 tantis
388 2709 498 2777 rebus,
518 2709 610 2767 modo
628 2709 706 2784 hoc,
727 2711 822 2771 modo

140 2790 200 2851 illud
223 2792 336 2853 audife.
370 2789 449 2850 Illud
471 2806 569 2847 tamen
592 2790 735 2869 explicare
762 2810 824 2849 non

140 2870 262 2952 polium,
285 2871 431 2955 quidnam
447 2870 578 2934 invenire
597 2872 719 3010 posEsit,
743 2870 827 2933 nullo

90 2985 92 3000 ¹
678 2970 701 3013 V
