2117 3984
322 463 364 560 56
507 461 820 534 Errarozn·

320 595 413 655 pauca
431 572 581 656 degustes:
603 598 669 638 nam
690 594 784 638 cetera
802 596 862 634 non
905 596 918 636 c

318 656 425 716 habere
447 676 543 735 neque
565 658 649 729 vim,
674 676 770 738 neque
793 676 850 715 ven
912 675 918 713 t

318 754 435 798 remoto
462 737 513 795 illo
542 734 633 796 studio
661 739 884 807 contentionis,
911 758 918 792 t

321 822 410 887 ἀγὸυι
438 838 492 876 vos
518 818 677 896 appellatis.
708 816 786 875 Nam
807 861 818 889 ,
843 832 876 874 ut
901 813 918 873 l»

322 893 395 955 Maii
423 899 453 956 in
481 895 606 956 senatum
633 899 853 967 convenimus,
880 915 915 953 ro

304 1010 309 1017 ·
324 996 383 1058 ego
398 977 564 1036 sententiam
576 1020 585 1047 ‚
596 976 685 1034 multa
703 976 762 1036 dixi
775 976 811 1034 de
826 974 917 1033 firmm

322 1056 463 1136 publica,
488 1072 574 1135 atque
597 1056 644 1115 ille
663 1056 744 1115 locus
759 1053 889 1114 induclus
912 1078 918 1113 r

324 1134 366 1196 est
380 1136 534 1206 divinitus3
551 1155 588 1195 ne
598 1180 608 1208 ‚
620 1135 677 1195 uni
693 1137 778 1217 plagi
794 1134 914 1213 accepti

322 1233 382 1276 tres
408 1214 561 1295 conscripti
584 1217 800 1289 conciderent,
826 1235 863 1273 ne
888 1213 918 1275 de

322 1314 387 1356 rent
406 1315 413 1353 :
435 1297 540 1357 vulnus
564 1294 620 1355 elle
646 1294 809 1373 ejusmodi,
827 1295 906 1373 quod

323 1396 379 1435 nec
396 1376 653 1447 dissimulandum,
670 1396 724 1435 nec
742 1371 918 1455 pertimescet

324 1457 471 1517 videretur
481 1477 491 1529 ;
510 1476 548 1516 ne
563 1471 612 1514 aut
629 1456 787 1517 metuendo
806 1457 916 1535 ignavis

325 1554 374 1596 aut
388 1537 548 1618 ignorando
565 1535 719 1595 stultissimi
733 1534 918 1614 judicaremur

325 1617 487 1677 absolutum
505 1615 560 1676 effe
577 1617 751 1689 Lentulum,
769 1612 918 1674 bis-Catili

325 1697 401 1755 hunc
420 1700 535 1756 tertium
551 1693 609 1771 jam
622 1695 677 1755 elle
693 1717 708 1754 a
723 1693 862 1773 judicibus
878 1697 909 1754 in

325 1776 469 1855 publicam
491 1774 652 1834 immiffum.
675 1773 778 1848 Erras,
801 1771 918 1847 Clodi,

302 1910 303 1913 ,
325 1874 355 1915 te
375 1854 483 1933 judices
504 1854 589 1927 urbi,
608 1853 656 1913 sed
676 1858 782 1915 carceri
803 1853 918 1914 reserva

325 1956 421 2015 neque
442 1953 470 1995 te
487 1938 611 1994 retinere
628 1935 658 1992 in
675 1939 814 2005 civitate,
830 1933 880 1994 sed
899 1953 917 1996 e

326 2018 440 2094 privare
464 2016 629 2076 voluerunt.
652 2013 881 2093 Quamobrem,
908 2012 918 2073 l

326 2094 503 2174 conscripti,
523 2097 625 2176 erigite
640 2099 774 2167 animos,
797 2095 918 2154 retinete

321 2189 399 2233 ,tram
420 2176 606 2257 dignitatem:
627 2194 723 2235 manet
746 2175 794 2235 illa
811 2176 841 2232 in
860 2192 918 2253 repr

324 2254 470 2317 bonorum
489 2256 660 2316 consensio:
681 2256 766 2315 dolor
782 2256 901 2315 accessit

324 2338 413 2409 viris3
430 2341 519 2397 virtus
536 2358 595 2395 non
614 2334 655 2395 est
678 2337 853 2395 imminuta:
872 2333 918 2393 ni}

327 2417 426 2476 damni
453 2415 558 2475 factum
576 2420 672 2488 novi3
692 2415 741 2475 sed
762 2415 841 2494 quod
861 2430 918 2474 erat

326 2513 449 2561 ventum
466 2494 525 2555 est:
543 2498 573 2555 in
594 2499 677 2555 unius
694 2497 819 2555 hominis
839 2494 918 2574 perdi

327 2577 404 2636 dicio
420 2576 514 2655 plures
530 2577 636 2634 similes
655 2579 762 2656 reperti
774 2574 846 2634 sunt.
865 2575 918 2634 Sec'

327 2676 384 2735 ago
400 2654 411 2714 l
431 2675 506 2736 pene
529 2659 691 2715 orationem
708 2660 737 2715 in
761 2654 880 2735 epistola
895 2657 918 2714 ir

327 2734 432 2796 Redeo
451 2735 487 2793 ad
506 2735 733 2798 altercationem.
754 2736 849 2817 Surgit
872 2736 918 2813 pul

326 2816 372 2878 lus
383 2834 467 2894 puer:
482 2812 584 2892 objicit
597 2819 665 2875 mihi
678 2863 687 2890 ‚
702 2840 741 2874 me
760 2819 798 2873 ad
812 2817 918 2891 Baias=

327 2895 461 2955 Falsum:
479 2893 528 2953 sed
546 2912 643 2957 tamen
659 2895 821 2977 quidhoc?
838 2894 918 2953 simil·

328 2976 463 3059 inquam,
476 2978 556 3057 quasi
566 2976 642 3039 dicas
653 2980 681 3038 in
693 2972 898 3059 opertofuille.
910 2988 918 3036 t
