2117 3984
217 503 279 553 ar>
296 486 503 554 Arrrcvrr
514 486 600 555 er.
616 485 718 557 VIII.
745 509 814 585 359

137 618 202 660 men
226 616 306 659 totos
325 599 386 660 dies
408 621 417 673 ;
442 600 493 661 sed
515 622 640 676 vereor,
666 623 725 677 ne,
746 606 817 665 nihil

175 701 225 739 um
246 678 417 760 proficiam,
435 684 522 741 etiam
540 682 674 743 dedecori
691 687 744 743 sim
758 685 817 746 stu-

137 700 187 826 iiis
219 780 253 819 ac
284 760 384 820 litteris
411 760 523 821 nostris.
552 762 702 824 Consumo
734 769 817 847 igitur

137 860 223 900 omne
245 858 385 920 tempus,
406 842 617 913 considerans,
647 862 753 924 quanta
772 849 817 907 vis

136 921 170 981 sit
184 921 261 980 illius
281 922 354 995 viri,
372 942 459 1001 quem
476 922 577 983 nossris
596 925 672 983 libris
693 924 756 984 satis
773 926 819 984 di·

136 1001 284 1084 ligenter,
307 1019 339 1060 ur
359 1002 411 1060 ribi
432 1004 550 1083 quidem
569 1005 732 1076 videmur,
760 1025 818 1064 ex-

136 1084 299 1176 pressimus.
320 1079 453 1143 Tenesne
474 1085 584 1163 igitur,
603 1086 817 1146 moderatorem
839 1154 843 1159 ¹

136 1161 214 1222 ilum
233 1161 395 1240 reipublicae
408 1165 467 1241 quo
485 1162 592 1223 referre
610 1167 732 1225 velimus
750 1189 820 1225 om·

135 1241 202 1302 nia?
225 1262 293 1300 nam
308 1244 348 1300 sic
367 1245 487 1321 quinto,
504 1260 536 1302 ut
552 1247 678 1323 opinor,
695 1248 725 1304 in
741 1247 815 1306 libro

134 1322 262 1404 loquitur
280 1320 399 1402 Scipio:
422 1328 463 1382 Ut
483 1328 552 1392 enim
567 1328 738 1404 gubernrr'tori
754 1349 817 1385 cur·

130 1401 178 1481 sus
198 1402 338 1479 secundus
359 1447 371 1473 ,
398 1407 500 1462 medico
522 1404 631 1481 salus,
660 1405 816 1484 imperatori

135 1483 281 1554 viHoria3
305 1485 347 1541 sic
378 1484 441 1543 lruic
473 1487 634 1543 moderatori
661 1488 815 1563 reipublicae

135 1562 216 1623 beata
233 1564 334 1622 cirrium
354 1567 413 1623 vita
431 1568 575 1644 proposita
595 1566 628 1643 est
638 1585 651 1635 ς
667 1585 697 1623 ur
718 1566 816 1645 opibus

130 1644 230 1721 firm,
250 1647 336 1721 copiis
357 1645 501 1723 locuples,
521 1646 612 1725 glorici
628 1647 741 1725 ampla,
756 1650 817 1705 vir·

136 1741 188 1784 tm
205 1724 314 1803 honesta
336 1727 396 1784 sit:
417 1723 499 1805 hujus
519 1727 588 1783 enim
610 1729 724 1805 operis,
751 1748 816 1784 ma·

136 1805 202 1865 tini
222 1807 295 1863 inter
306 1807 426 1863 homines
442 1824 521 1885 atque
540 1808 655 1885 optimi,
672 1807 751 1864 illum
766 1804 815 1883 effe

134 1883 300 1965 perficiorem
320 1886 393 1944 volo.
411 1885 478 1946 Hoc
495 1884 602 1946 Cnaeus
616 1884 711 1946 noster
726 1905 815 1967 quum

138 1982 217 2026 antea
239 1984 421 2043 numquam,
439 1985 499 2024 tum
523 1968 552 2023 in
577 1967 629 2024 hac
654 1966 735 2025 causa
756 1969 816 2025 mi·¹

138 2046 210 2107 mine
224 2046 374 2123 cogitavit.
389 2044 559 2102 Dominatio
570 2048 687 2123 quaesita
694 2046 730 2104 ab
739 2062 817 2105 utro·

139 2144 189 2204 que
211 2123 275 2184 est:
292 2143 350 2181 non
370 2124 399 2181 id
418 2123 530 2194 arium,
548 2124 631 2183 beata
649 2125 816 2185 &honesta

138 2205 236 2266 civitas
257 2219 289 2261 ut
311 2202 389 2262 effer.
413 2203 476 2262 Nec
498 2204 633 2263 veroille
651 2205 751 2264 urbem
770 2226 817 2263 re·

137 2283 239 2366 liquit,
263 2284 343 2363 quod
364 2304 429 2343 eam
450 2286 522 2343 tueri
541 2304 600 2342 non
621 2283 713 2364 poiiet
732 2304 741 2354 ;
762 2297 816 2345 nee

136 2362 273 2438 italiam,
296 2365 374 2445 quod
394 2366 428 2425 eri
449 2364 630 2445 pelleretur:
655 2364 704 2424 sed
724 2364 780 2422 hoc
800 2386 817 2424 a

137 2447 232 2524 pn'mo
259 2448 429 2525 cogitavit,
456 2464 559 2504 omnes
582 2462 696 2517 terras,
720 2445 818 2503 omnia

137 2529 224 2586 maria
249 2546 395 2599 movere,
416 2545 499 2607 reges
518 2524 654 2584 barbaros
678 2527 815 2599 incitare,

138 2624 238 2687 gentes
252 2605 326 2665 feras
344 2626 464 2666 armatas
478 2609 507 2664 in
524 2604 634 2665 Italiam
653 2606 817 2676 adducere,

137 2689 278 2749 exercitus
296 2686 438 2747 conficere
454 2690 605 2760 maximos.
627 2684 729 2745 Genus
746 2686 816 2745 iliud

137 2765 244 2828 Sullani
258 2770 338 2847 regni
354 2767 411 2845 jam
430 2768 543 2847 pridem
557 2768 720 2847 appetitur,
736 2765 817 2823 mul-

89 2909 91 2914 ,
136 2851 195 2920 ris,
217 2849 268 2929 qui
287 2847 344 2907 uni
367 2848 451 2918 sunt,
472 2849 662 2927 cupientibus.
680 2847 729 2904 An
747 2863 819 2903 een·

136 2926 207 3002 ses,
233 2928 305 2987 nihil
326 2931 400 2987 inter
424 2945 476 2986 eos
501 2926 686 2988 convenire?
709 2924 818 2982 nullam

135 3007 301 3087 paeiionern
327 3006 390 3073 fieri
409 3004 565 3088 -poru'rffei
587 3007 676 3069 hodie
696 2999 791 3085 potest
807 3005 819 3060 i·
