2117 3984
260 477 324 570 198
444 477 477 542 E
490 493 583 544 ers
600 494 661 544 ro
676 495 744 548 riu

253 591 355 729 puaeris
377 589 486 650 aliud?
515 586 646 667 judicia,
671 590 774 654 credo.
797 588 943 669 Drusus,

274 690 373 728 caurus
392 691 454 730 non
479 667 574 736 feciffe
599 670 742 738 videntur.
768 669 844 734 Tres
868 693 944 733 can-⁶¹

255 749 347 809 diduri
368 748 439 812 fore·
457 753 498 810 rei
523 750 725 831 putabsnnr,
750 743 904 814 Domitius
925 775 946 813 n

253 829 399 891 Memmio
408 876 422 904 ,
438 827 567 891 Mellalla
575 853 599 896 ‚a
611 830 662 910 ..Q
678 829 824 911 Pompeio
837 833 919 894 Rufo
931 869 947 908 ,-

256 909 378 970 Scaurus
391 933 409 970 a
420 909 535 970 Triario
546 957 557 986 ,
568 927 616 972 aut
631 933 648 976 a
662 911 697 972 L.
711 910 837 974 Caesare.
857 912 941 993 Quid

256 994 388 1072 poteris,
408 992 543 1071 inquies,
565 1013 618 1072 pro
637 994 671 1052 iis
694 991 813 1053 dicere?
832 991 882 1054 Ne
896 997 942 1056 vi..

256 1092 346 1145 vam,
360 1074 384 1131 si
401 1071 476 1131 scio:
495 1073 526 1130 in
542 1072 596 1132 illis
608 1072 724 1152 quidem
739 1073 829 1132 tribus
844 1073 944 1150 libris,

257 1173 331 1233 quos
352 1167 383 1218 tu
405 1151 553 1225 dilaudas,
572 1153 641 1214 nihil
661 1154 786 1232 reperio.
807 1152 894 1214 Nunc
909 1171 941 1214 ur

259 1233 430 1312 opinionem
450 1231 554 1294 habeas
576 1231 874 1312 rerum,'ferendum,
893 1231 945 1296 eil.-

260 1311 378 1391 Quaeris
399 1333 457 1394 ego
478 1334 526 1376 rne
546 1330 578 1373 ut
601 1311 750 1396 gefferim?
767 1311 941 1376 Constanoer

258 1393 291 1452 ὃ(
309 1393 408 1453 libere.
428 1391 514 1471 Quid
529 1393 599 1468 ille,
612 1396 743 1473 inquies,
759 1393 943 1456 ut.ferebati

259 1472 457 1548 Humaniter,
479 1493 551 1534 meae
575 1493 611 1534 ue
637 1474 813 1556 dignitatis,
845 1475 943 1558 quoad

259 1555 330 1614 mihi
348 1553 517 1616 satisfailum
536 1495 626 1629 eder,
642 1555 806 1616 habendam
823 1557 878 1616 sibi
893 1577 944 1616 ns·
974 1559 981 1572 '

260 1636 372 1695 tionem
398 1634 525 1714 putabat.
552 1633 626 1713 Quo
647 1636 738 1695 modo
757 1655 831 1716 ergo
854 1633 944 1697 abso-

260 1715 358 1776 lutus?
378 1713 510 1775 Omnino
532 1722 640 1792 γοργοῗι
656 1717 765 1790 *superius
779 1715 944 1778 Accusat&

260 1815 325 1856 rum
344 1793 517 1854 incredibilis
538 1793 677 1868 infantia,
695 1793 726 1853 id
749 1792 789 1854 est
809 1794 846 1858 L.
867 1795 942 1856 Len·

260 1875 335 1946 tuli,
354 1874 388 1935 L.
408 1873 478 1947 filii,
498 1894 586 1955 quern
602 1873 727 1936 fremunt
744 1895 848 1936 omnes
869 1897 941 1956 pru-

260 1957 437 2028 varicatum3
452 1955 557 2016 deinde
577 1954 707 2035 Pompeii
725 1957 798 2014 mira
815 1975 941 2017 conten·

261 2036 322 2109 tio,
336 2033 464 2113 judicum
480 2034 588 2095 sordes.
605 2034 742 2095 Auunen
755 2043 854 2096 r'rxxrr
871 2055 943 2097 con-

260 2114 451 2190 demnarunt,
469 2133 603 2183 xxxvrrr
621 2113 825 2194 absolveruntr
839 2112 944 2194 judicia

262 2198 371 2278 reliqua
388 2197 574 2275 impendent:
588 2193 719 2256 nondum
734 2193 774 2255 est
790 2195 879 2274 plane¹
892 2215 943 2256 esra

262 2278 386 2358 peditus.
405 2275 516 2349 Dices,
533 2273 581 2334 Tu
601 2294 632 2335 er
654 2298 672 2335 o
693 2276 753 2333 haec
773 2295 832 2353 quo
852 2276 943 2338 modo

263 2358 320 2418 fers
342 2359 353 2417 ἓ
379 2356 461 2418 Beue
483 2377 530 2416 me
552 2355 619 2416 herc
651 2375 695 2427 e,
720 2355 750 2414 &
768 2356 807 2415 in
830 2375 877 2415 eo.
896 2373 943 2415 rue

261 2438 347 2499 valde
359 2458 438 2498 amo.
451 2438 627 2509 Amisimus,
641 2436 681 2494 mi
696 2434 862 2516 Pomponi,
878 2455 945 2496 om·-

262 2538 331 2578 nem
343 2540 402 2578 non
415 2517 506 2579 modo
521 2516 635 2576 succum
649 2537 681 2575 ac
696 2514 880 2595 sanguinem,
893 2513 943 2575 sed

263 2601 350 2658 etiam
371 2598 502 2658 colorem
521 2597 552 2656 &
567 2595 691 2675 speciem
707 2592 945 2675 pristinamcivi·

263 2680 328 2740 tatis
343 2699 349 2736 :
366 2679 445 2740 nulla
463 2677 503 2738 est
519 2675 698 2756 respublica,
719 2680 781 2755 qirae
800 2673 946 2749 deleflet,

264 2755 947 2914 ll.ll²¹f}.⁶.‘l³il⁶“lillelilioli&’5

444 2884 468 2898 ··
643 2881 654 2895 ··
835 2885 839 2894 ·
937 2879 947 2909 s

264 2920 351 2998 quim
376 2918 451 2978 bella
471 2915 631 2997 paulisper,
650 2918 735 2974 nobis
757 2916 948 2997 gubernanti·

263 2999 338 3073 bus,
362 3001 461 3061 civitas
482 2996 593 3058 fueriti
613 3017 678 3078 quae
692 2995 763 3058 mihi
783 2999 877 3080 grstia
896 3016 947 3058 rei
