2117 3984
301 503 362 556 AD
383 488 693 556 Africanum.
715 489 755 557 V.
798 505 862 582 245

183 620 225 664 tra
247 604 361 664 venit:
384 602 529 683 pollicitus
553 601 614 661 sum
632 621 792 664 curaturum
818 623 869 664 me

184 682 263 744 Bruti
287 681 407 756 causi,
433 699 467 742 ut
491 684 519 743 ei
545 681 691 742 Salaminii
713 685 869 762 pecuniam

185 763 348 826 solverent:
373 764 433 844 egit
451 764 574 844 gratias:
598 761 792 841 praefecturam
808 783 868 844 pe-

185 847 265 905 tivit:
279 844 387 925 negavi
402 862 450 903 me
462 845 595 923 cuiquam
610 846 768 924 negotianti
783 844 868 916 dare;

186 923 263 1006 quod
275 925 359 985 idem
377 921 429 982 ribi
445 920 643 984 ostenderam..
655 921 713 984 Cn.
727 922 870 1004 Pompeio

188 1007 294 1084 petenti
338 1001 473 1062 robaram
490 1000 646 1062 institutum
664 1025 784 1064 meum:
802 1003 872 1085 quid

188 1083 296 1155 dicam,
337 1081 872 1164 orquaro‚deM.Leniotuo?multis

190 1165 270 1225 aliis:
294 1167 321 1225 si
344 1161 496 1244 praefestus
513 1163 603 1224 vellet
622 1163 677 1224 elle
700 1164 870 1246 syngraphae

192 1245 290 1318 ranst,
309 1264 360 1304 me
379 1260 542 1302 curaturum
560 1260 590 1302 ut
606 1246 750 1324 exigeret:
768 1246 871 1326 gratias

191 1326 262 1406 egit:
284 1322 427 1385 discessit.
443 1321 558 1404 Appius
577 1322 671 1383 noster
691 1342 806 1383 turmas
818 1325 872 1382 ali·

192 1421 254 1484 quot
278 1407 417 1485 equitum
437 1401 556 1464 dederat
573 1404 637 1462 huic
659 1404 797 1483 Scaptio,
818 1423 871 1482 per

196 1503 254 1564 quas
279 1483 457 1546 Salaminios
484 1500 634 1543 coerceret
652 1505 660 1555 ;
682 1485 712 1542 ὃ(
734 1484 871 1543 eumdem

196 1563 327 1626 habuerat
341 1563 527 1644 praefecium:
544 1564 668 1623 vexabat
685 1562 875 1622 Salaminios:

141 1653 143 1666 '
194 1663 242 1726 ego
251 1646 369 1726 equites
381 1663 417 1702 cx
430 1642 535 1723 Cypro
553 1643 694 1702 decedere
711 1640 794 1718 jussi:
808 1647 875 1701 mo'·

194 1721 253 1784 leste
277 1725 346 1785 tulit
375 1722 519 1802 Scaptius.
546 1723 629 1801 Quid
654 1724 743 1782 multa
763 1722 773 1781 ἓ
797 1725 873 1783 urei

141 1821 144 1916 p
195 1801 276 1864 fidem
288 1823 392 1864 meam
408 1801 589 1882 praellarem3
606 1824 694 1883 quum
709 1803 805 1863 adme
822 1801 876 1864 Sa·

141 1925 143 1950 ,
194 1883 292 1944 laminii
305 1883 433 1944 Tarsum
450 1880 610 1956 renident,
626 1882 658 1941 &
674 1886 704 1941 in
723 1884 766 1943 his
783 1883 874 1964 Scap·

141 2017 143 2040 ⁵
196 1965 275 2039 tius,
305 1964 508 2044 imperaviuc
531 1964 683 2042 pecuniam
704 1961 875 2024 solverenta

195 2043 276 2104 multa
297 2045 337 2106 de
363 2042 549 2124 syngrapha,
573 2044 608 2104 de
627 2041 734 2122 Scaptii
756 2041 876 2121 injuriis.

198 2119 302 2206 Negavi
320 2144 371 2184 me
392 2124 512 2183 audire:
532 2124 662 2184 hortatus
683 2122 766 2195 sum3
805 2126 876 2186 etivi

141 2235 143 2240 ·
201 2203 277 2262 eriam
296 2225 356 2285 pro
382 2204 456 2262 meis
477 2207 507 2262 in
528 2206 674 2264 civitatem
696 2204 771 2262 bene
794 2205 843 2260 ciis
867 2247 878 2275 ‚

198 2297 226 2342 nt
237 2286 392 2366 negotium
409 2281 602 2343 conficerent:
618 2284 741 2361 denique
755 2282 813 2340 dixi
828 2301 876 2342 me

141 2314 144 2446 l
195 2363 368 2425 conclarum.
389 2363 535 2425 Homines
555 2386 615 2423 non
637 2363 729 2423 modi)
751 2383 812 2423 non
829 2381 877 2421 re·

196 2444 310 2516 casare,
333 2443 385 2505 sed
407 2446 443 2504 e'
464 2463 494 2501 m
512 2443 570 2504 hoc
591 2444 716 2516 dicere,
741 2441 769 2501 se
792 2462 875 2502 ame

193 2521 323 2584 solvere:
341 2524 423 2604 quod
455 2525 515 2581 nim
531 2526 647 2603 praetori
661 2524 728 2584 dare
745 2521 878 2584 consules.-

195 2601 270 2678 lent,
292 2606 434 2684 quoniam
454 2622 471 2665 e
493 2625 511 2663 o
531 2625 592 2663 non
609 2624 796 2684 acceperam,
812 2604 841 2664 se
858 2627 877 2664 a

196 2703 240 2744 me
260 2684 395 2764 quodam
409 2706 459 2742 mo
482 2704 500 2743 ο
516 2685 603 2757 dare;
622 2701 706 2765 atque
722 2688 809 2746 etiam
823 2687 878 2744 mi·

197 2765 244 2823 nis
257 2762 317 2824 elle
329 2764 478 2845 aliquanto
486 2767 515 2823 in
526 2764 634 2844 Scaptii
644 2768 761 2826 nomine
772 2764 878 2843 ,quim

198 2844 224 2902 in
237 2842 375 2924 vestigali
388 2847 534 2924 practorio.
549 2843 722 2908 Collaudavi
735 2845 880 2904 homines.

200 2920 307 2997 Redi,
330 2924 424 3004 inquit
444 2923 600 3005 Scaptius:
626 2926 675 2985 sed
691 2926 879 2986 subducamus

201 3000 348 3066 summam.
361 3004 479 3066 Interim
494 3026 583 3089 quum
597 3025 654 3086 ego
669 3001 808 3141 inLediclo
822 3019 880 3060 tra·

739 3102 769 3160 ¹¹1
