2117 3984
233 481 297 543 'Au
306 474 511 543 Arrrcurr
526 475 621 545 Lru.
637 475 719 546 VII.
751 495 817 569 321

88 572 90 578 ¹
138 586 211 650 rint:
226 587 316 670 quem
330 605 428 652 autem
441 592 502 650 sine
518 589 659 665 consilio,
674 610 719 650 res
733 587 821 652 testis.

88 746 90 752 Ι
139 667 181 734 Ut
202 671 283 730 enirn
310 669 364 728 aliu
390 673 523 731 omittam
550 670 651 729 decem
677 690 818 732 annorum

173 768 275 822 ecata,
287 769 351 828 quae
365 751 494 811 conditio
507 771 567 808 non
579 750 644 808 huic
655 748 728 830 fugae
763 771 817 809 rae·

168 828 225 890 rit?
245 848 301 890 nec
318 833 391 889 veru
411 850 487 890 nunc
506 830 576 911 quid
596 832 725 910 cogitet,
740 772 796 889 iiio
806 850 818 903 ;

140 927 169 968 ec
185 929 248 970 nou
266 908 369 969 desino
388 931 439 989 per
450 910 558 970 litteras
580 908 721 969 sciscitari.
738 908 817 970 Nihil

141 986 192 1050 effe
214 988 345 1048 timidius
370 988 497 1064 constat,
522 990 593 1049 nihil
619 990 820 1070 perturbatius.

141 1066 233 1150 Iraque
248 1088 304 1128 nec
317 1071 478 1148 praesidium
488 1114 499 1142 ,
508 1067 589 1147 cujus
601 1070 720 1149 parandi
733 1071 818 1130 causi

142 1149 174 1208 ed
192 1148 298 1209 urbem
314 1168 442 1210 retentus
459 1147 518 1222 est,
536 1168 590 1209 nec
605 1150 703 1210 locum
721 1172 754 1209 ac
772 1150 817 1210 se-

142 1227 204 1290 dem
224 1229 353 1308 praesidii
382 1230 469 1289 uliam
489 1229 606 1288 video:
633 1228 697 1308 spes
720 1234 815 1290 omnis

141 1328 167 1366 ru
186 1307 299 1370 duabus
319 1310 462 1370 invidiose
485 1309 605 1369 retentis
623 1329 697 1388 peno
717 1313 815 1370 alienis

140 1387 310 1470 legionibus.
334 1387 410 1448 Num
435 1387 561 1448 delecius
585 1386 677 1448 adhuc
698 1391 815 1468 quidem

140 1470 293 1532 umorum
304 1467 375 1539 est,
393 1469 425 1528 &
445 1491 461 1527 a
479 1467 635 1548 pugnando
658 1468 815 1528 abhorren-

139 1550 227 1608 rium:
251 1548 454 1608 conditionum
473 1566 570 1606 autem
596 1546 722 1607 amilium
740 1565 816 1607 tem-

138 1647 188 1706 pus
208 1625 251 1688 est
270 1647 277 1685 τ
307 1628 378 1707 quid
399 1627 524 1688 futurum
546 1630 611 1701 sit,
634 1649 694 1688 non
714 1629 815 1690 video.

137 1705 329 1770 Gommiffum
374 1709 508 1769 uidema
536 1707 619 1768 nobis
646 1710 722 1769 certe
747 1707 816 1781 est,

136 1789 195 1848 eive
208 1809 227 1848 a
242 1784 342 1848 nostro
354 1728 452 1861 iure,
472 1804 522 1859 ut,
544 1807 560 1848 e
600 1808 666 1848 orru
685 1791 745 1848 sine
762 1810 815 1870 gu·

135 1865 298 1932 humulis
315 1871 444 1948 egressi,
469 1808 630 1946 tempesiari
646 1889 701 1928 uos
718 1870 815 1929 trade-

135 1967 242 2010 remus.
261 1946 362 2028 ltaque
382 1949 417 2008 de
438 1945 627 2008 Ciceronibus
643 1946 742 2012 nostris
762 1951 815 2009 du-

134 2027 195 2094 bito
208 2028 281 2108 quid
293 2048 391 2109 egam:
403 2049 469 2088 nam
481 2028 552 2086 mihi
561 2030 703 2088 interdurn
714 2050 814 2089 aman·

135 2107 229 2170 dandi·
237 2108 371 2170 videntur
384 2111 413 2166 in
426 2106 580 2168 Graeciam.
598 2107 646 2172 De
659 2107 755 2168 Tullia
767 2131 815 2169 au-

134 2205 197 2250 rem
210 2189 245 2248 δι
263 2187 419 2261 Terentia,
436 2207 525 2268 quum
545 2188 613 2245 mihi
630 2188 816 2248 barbarorum

134 2269 277 2332 adventus
302 2268 339 2327 ad
364 2269 464 2327 urbem
488 2269 690 2347 proponitur,
718 2271 816 2329 omnia

134 2351 226 2412 timeo
247 2368 254 2406 τ
278 2368 367 2428 quum
385 2366 481 2408 aurem
504 2346 667 2407 Dolabellae
686 2351 816 2408 venitin

135 2446 288 2500 mentem,
300 2430 418 2508 paruum
431 2426 550 2506 respiro.
566 2427 625 2488 Sed
639 2428 727 2490 velim
746 2449 816 2489 con·

135 2509 245 2570 rideres
274 2508 343 2587 quid
368 2507 530 2568 faciendum
557 2527 666 2587 putes:
691 2512 816 2588 primum

133 2594 198 2668 π’ςδσ
213 2595 247 2650 e'e
263 2594 383 2662 ι’σφιλὶς
399 2588 507 2668 (aliter
522 2591 602 2647 enim
619 2589 689 2648 mihi
707 2590 742 2650 de
760 2591 816 2652 illis

133 2666 227 2732 aczde
242 2687 298 2730 me
319 2666 382 2745 ipso
401 2667 605 2728 consulendum
624 2668 691 2751 est)
709 2671 814 2732 deinde

134 2747 171 2806 ed
194 2748 373 2885 opiniones,
393 2769 429 2808 ne
446 2748 687 2828 reprehendamur
705 2795 715 2824 ‚
736 2751 816 2831 quod
835 2793 838 2798 -

133 2846 184 2896 ees
235 2847 312 2886 ornae
330 2830 451 2887 velimus
475 2831 531 2888 elle
548 2835 577 2889 in
596 2835 746 2890 communi
763 2833 818 2888 bo·

133 2925 240 2968 norum
260 2905 338 2988 fuga.
358 2907 442 2986 Quin
461 2912 548 2970 etiam
562 2911 613 2969 tibi
632 2912 664 2978 ὅ(
683 2910 818 2968 Peduceo

133 2993 156 3068 (·
170 2984 286 3075 scripsit
309 2988 388 3050 enirn
411 2987 447 3049 ad
465 2988 538 3071 me)
556 2990 624 3070 quid
642 2989 751 3128 ῐὸεὶειίε
773 2989 824 3059 vi·

692 3088 714 3131 V
