2117 3984
257 424 321 496 106
444 424 743 494 Errsrorar

249 537 415 611 recusante,
432 537 468 598 ad
486 538 652 602 facultatem
670 540 819 622 agrariam.
837 538 937 604 Bibuli

248 639 346 684 aurem
366 617 416 679 ista
441 620 612 703 magnitudo
633 622 720 680 animi
738 622 767 680 irr
793 625 935 684 comitib·
968 627 971 634 '

249 722 314 762 rum
338 701 507 776 dilatione,
535 702 604 783 quid
631 702 718 762 haber
737 746 747 775 ,
768 704 825 761 nisi·
845 705 936 782 ipsius

247 778 389 861 judicium
406 784 467 844 sine
482 782 540 842 ulla
556 782 732 843 coneuione
749 783 940 864 reipublice?

249 863 386 924 nimirum
403 864 433 921 in
450 861 553 923 Publio
568 863 632 943 spes
649 860 689 923 ell
706 884 713 922 :
731 861 799 936 fiat,
811 861 863 925 fiat
890 864 940 924 rri-

249 942 355 1005 bunus.
385 942 477 1003 lehis:
499 945 522 1004 si
541 943 612 1004 nihil
632 943 730 1016 aliud,
749 961 781 1004 ut
800 945 839 1005 eb
853 945 939 1006 citilrr

250 1041 283 1086 tu
300 1043 337 1085 ex
351 964 440 1102 lippiro
456 1042 612 1085 revertare.
635 1023 712 1083 Nam
727 1042 758 1085 ur
776 1024 828 1086 illo
842 1041 875 1084 tu
891 1047 938 1088 ca-
970 1025 972 1030 ’

250 1125 338 1178 reas,
359 1123 421 1164 non
445 1103 536 1165 video
560 1103 639 1187 posse
666 1103 752 1177 fieri3
781 1104 938 1186 prasertim
967 1139 975 1152 ae

251 1187 276 1246 si
293 1205 409 1246 mecum
429 1185 539 1268 aliquid
559 1187 639 1247 volet
659 1184 811 1266 disputare.
830 1185 890 1248 Sed
907 1185 938 1248 id

254 1267 375 1361 quidem
400 1285 461 1326 non
480 1266 601 1327 dubium
621 1265 687 1340 est,
712 1267 801 1347 quin,
824 1268 848 1325 si
869 1265 938 1347 quid

252 1364 307 1407 errt
323 1344 487 1425 eiusmodi,
505 1349 544 1407 sis
560 1347 754 1407 advolaturus.
773 1345 889 1406 Verum
901 1363 941 1410 ut

252 1426 311 1487 hoc
330 1447 392 1488 non
407 1430 462 1499 sit3
485 1443 583 1487 tamen
604 1427 652 1488 seu
671 1444 757 1500 mer,
777 1424 826 1487 seu
845 1429 938 1510 eriget

253 1508 481 1589 rempublicam,
513 1508 685 1568 raeclarums
701 1506 857 1569 edlaculum
870 1509 940 1570 mihi

254 1609 415 1669 propono,
431 1530 522 1650 modlr
538 1607 567 1650 te
584 1588 657 1650 cons
691 1609 742 1650 ore
760 1586 888 1668 spectare
903 1589 938 1652 li·

254 1688 329 1730 cear.
347 1669 450 1748 Quum
467 1670 528 1729 haec
543 1671 669 1730 maxime
684 1669 857 1742 scriberem,
870 1689 941 1732 ecee

213 1823 216 1828 Ι
254 1748 308 1808 ribi
322 1748 457 1810 Sebosus.
470 1747 612 1809 Nondum
627 1749 711 1828 plane
723 1752 940 1830 ingemueram;

256 1826 363 1901 Salve,
380 1831 474 1908 inquit
489 1829 602 1889 Arrius.
619 1831 687 1892 Hoc
699 1827 760 1901 est,
779 1828 877 1890 Romi
888 1830 940 1892 dei

257 1907 386 1970 cedere?
406 1929 478 1989 quos
495 1929 552 1991 ego
570 1911 703 1971 homines
721 1908 830 1992 effugi,
849 1929 940 1994 quum

255 1989 286 2050 in
306 1988 361 2050 hos
382 1988 469 2049 incidi
489 1990 500 2051 3
526 1988 590 2072 Ego
609 1992 683 2052 verb
704 1992 734 2050 in
754 2009 858 2050 montes
902 2013 941 2052 a·

254 2072 324 2130 trior
332 2114 345 2141 ,
360 2071 387 2130 6·
401 2074 441 2128 ad
453 2070 623 2131 incunabula
634 2076 721 2149 nostra
734 2091 863 2152 pergam.
877 2013 941 2134 sk·

256 2151 366 2232 nique,
388 2152 412 2209 si
432 2150 506 2210 solus
530 2173 590 2225 non
609 2171 754 2232 potuero,
772 2172 839 2211 cum
855 2150 940 2213 rusti·

258 2234 299 2291 cis
317 2231 436 2313 potius,
456 2230 542 2313 qulam
558 2253 624 2292 cum
643 2233 684 2293 his
701 2232 884 2312 perurbanis:
900 2235 942 2295 ita

256 2329 377 2387 tamen,
400 2331 432 2372 ur
453 2356 463 2384 ‚
490 2317 627 2392 quoniam
649 2330 679 2372 ru
699 2314 769 2373 certi
786 2311 857 2372 nihil
873 2310 940 2373 scri-

255 2394 318 2465 bis,
337 2396 367 2454 in
385 2392 541 2454 Formiano
562 2394 615 2452 ribi
634 2392 777 2471 praestoler
795 2392 832 2454 us
847 2412 885 2455 ue
904 2393 941 2456 ad

258 2491 299 2534 rrr
315 2472 396 2534 Non.
408 2471 490 2532 Maii.
504 2470 651 2534 Terentiae
668 2491 799 2556 pergrata
816 2493 832 2535 e
873 2476 942 2536 assi·

256 2554 351 2614 duitas
373 2569 441 2624 tua,
467 2553 499 2612 δι
521 2554 669 2634 diligentia
691 2559 720 2614 in
740 2556 942 2616 controversia

257 2634 419 2702 Muluiana.
436 2630 534 2693 Nescit
548 2638 690 2709 omnino,
707 2653 735 2695 te
752 2654 942 2696 communem

261 2712 374 2774 causam
395 2712 553 2775 defendere
571 2736 695 2789 eorum,
718 2718 765 2795 qui
782 2736 867 2799 agros
884 2737 941 2796 pu·

257 2795 350 2858 ltlicos
374 2795 552 2874 possideam.
578 2795 636 2858 Sed
658 2814 756 2857 tamen
774 2812 806 2856 tu
829 2796 940 2878 aliquid

299 2876 417 2937 blicauis
436 2876 559 2956 pendis;
578 2878 640 2938 lraec
659 2879 746 2937 etiam
766 2877 797 2936 id
820 2876 944 2939 recusat.

257 2899 301 3018 Ed
312 2959 364 3018 tibi
373 2958 457 3037 igitur
467 3004 476 3031 ‚
487 2957 517 3015 ὃ(
534 2962 655 3030 Καίροι,
667 2957 940 3038 ἆζιςοκμῖικᾶτιῖΰ·

260 3047 341 3111 ταῖς,
356 3035 474 3100 salutem
492 3038 601 3099 dicunt.
