2117 3984
133 429 141 469 i

133 527 139 564 Ι

133 607 137 644 i

294 361 360 414 Ar>
380 345 586 412 Arrrcruu
606 343 772 444 erVl.
803 365 873 442 259

176 461 267 526 ,mi
277 465 418 540 ‚prater
429 459 507 520 illam
524 460 749 554 exceptionem,
764 461 873 550 dequa

186 561 220 604 ru
233 541 275 602 ad
293 559 345 600 me
365 538 531 619 scripseras,
548 543 629 599 nmis
644 543 724 620 gravi
741 545 874 622 propudi·

188 625 278 684 cirin
297 621 422 680 ordinem
437 623 562 759 asprum.
582 618 647 700 Ego
665 639 762 682 samen
779 621 872 684 habeo

186 701 407 780 inimicas,
427 699 457 760 se
494 698 668 775 seniorem,
687 721 724 760 ex
742 697 787 777 Q.
801 701 873 762 Mu-

187 780 223 840 cii
242 779 278 842 P.
301 777 356 838 filii
374 779 471 843 edisio
492 779 619 841 Asiatico
639 825 650 854 ,
677 783 772 840 Extra
792 783 872 859 quim

186 863 210 920 ri
225 862 270 920 ira
290 860 428 942 negotium
447 865 543 942 gestum
561 861 621 941 est,
643 880 674 920 ur
692 884 722 920 eo
732 861 803 935 stari
819 883 874 920 rron

186 943 457 1093 maslai-iiis}
474 943 566 1079 {binis
579 940 808 1101 ffipqipqspgr
817 941 874 1081 siis

185 1101 351 1162 liberaum
364 1099 482 1161 censent
492 1100 588 1161 Graeci
604 1101 717 1175 datam,
730 1120 760 1160 ut
772 1099 870 1161 Graeci

186 1181 258 1242 inter
275 1177 307 1240 se
325 1179 487 1262 disceptent
503 1180 557 1240 suis
575 1180 695 1261 legibus.
710 1179 803 1241 Breve
821 1202 870 1241 au·

187 1277 244 1320 ru
256 1258 387 1320 edisium
404 1259 445 1320 est
463 1278 582 1342 propter
599 1260 671 1320 hanc
689 1281 784 1322 meam
801 1260 869 1323 irai·

187 1365 250 1418 (ssu
264 1341 370 1422 ,quod
391 1341 504 1400 duobus
522 1342 675 1422 generibus
694 1340 868 1401 edicendum

187 1423 303 1498 putav-13
366 1441 452 1482 orum
469 1441 557 1482 unum
575 1419 616 1479 est
629 1421 826 1499 provinciale,
839 1422 868 1480 in

222 1521 241 1560 o
262 1499 306 1560 est
347 1521 365 1562 e
387 1502 545 1561 rationibus
570 1503 740 1573 civitatum,
757 1500 792 1561 de
809 1520 866 1560 aere

185 1517 298 1654 siem,
319 1579 359 1642 de
379 1581 482 1655 usura,
505 1582 542 1640 de
559 1580 728 1662 syngraphis
738 1600 748 1654 ;
763 1583 792 1640 in
810 1599 867 1640 eo·-

187 1657 249 1720 dcm
265 1664 369 1721 omnia
382 1661 419 1723 de
432 1661 611 1742 publicanis:
631 1662 771 1734 alterum,
786 1661 866 1741 quod

186 1739 243 1802 sine
254 1737 353 1804 cdiflo
365 1741 431 1802 saris
443 1740 599 1801 commodi
609 1743 727 1823 transigi
738 1761 796 1800 non
808 1761 865 1820 po-

185 1817 232 1878 sess
252 1863 264 1896 ,
285 1819 334 1882 de·
346 1821 537 1883 hereditatum
557 1818 804 1900 possessionibus,
827 1821 864 1881 de

185 1897 266 1960 honis
295 1901 514 1980 possidendis,
537 1921 584 1959 ma
605 1900 674 1960 isiris
698 1900 866 1976 faciendis,

184 1979 342 2041 vendendis
361 2003 372 2054 ;
391 2003 457 2064 quae
477 2001 513 2042 ex
535 1921 630 2042 edisio
650 1982 681 2040 &
702 1977 864 2058 postulari,

185 2057 216 2118 &
234 2057 294 2122 fieri
313 2061 420 2124 solent.
443 2061 577 2122 Tertium
603 2061 639 2122 de
668 2061 780 2138 reliquo
801 2057 864 2136 jure

184 2137 307 2202 dicundo
329 2139 585 2222 ai‘ygupn'reliqui.
610 2139 681 2198 Dixi
702 2159 749 2198 me
769 2139 804 2196 de
826 2158 863 2197 eo

183 2237 288 2300 genere
303 2241 371 2282 mea
387 2221 503 2282 decreta
521 2222 558 2281 ad
578 2219 670 2280 edida
688 2221 797 2280 urbana
812 2238 861 2276 ac-

184 2301 457 2364 tommodnrurum:
474 2304 569 2396 itdque
592 2321 681 2372 curo,
701 2300 733 2359 &
750 2297 862 2357 sarissa-

184 2381 226 2440 rio
237 2381 333 2442 adhuc
346 2381 491 2442 omnibus.
503 2381 601 2441 (sraeci
614 2381 686 2440 verb
704 2378 862 2452 exsultant,

185 2459 260 2540 qusd
275 2464 434 2546 peregrinis
451 2458 593 2540 judicibus
615 2477 741 2519 uruntur.
762 2458 862 2541 Nuga-

185 2539 289 2602 toriirus
315 2543 464 2624 quidem,
490 2543 611 2621 inquies.
638 2540 721 2619 Quid
745 2539 862 2601 refert?

186 2635 275 2682 'mn
290 2619 320 2682 se
337 2624 491 2700 αδτσπμιάν
502 2622 625 2702 adeptos
639 2638 748 2702 putant.
766 2619 860 2684 Vestri

186 2701 279 2774 enirn,
293 2702 403 2775 credo,
441 2723 523 2764 raves
536 2701 661 2774 habent,
676 2700 859 2781 Turpionem

186 2777 337 2855 sutorium,
356 2782 390 2842 &
438 2781 541 2842 estium
556 2783 728 2862 mancipem.
744 2781 793 2842 De
808 2801 861 2857 pu·

188 2857 297 2922 blicanis
314 2861 385 2946 quid
403 2883 506 2946 agam,
518 2862 626 2925 videris
646 2880 782 2946 quarere.
798 2859 860 2920 Ha-
