2117 3984
293 501 359 560 'An
378 491 588 560 Africum
609 492 764 562 Liull.
823 494 872 589 89

197 607 280 691 rugari
302 608 439 669 consilii:
462 627 530 665 nam
548 625 597 666 aut
616 606 726 671 fortiter
740 609 874 671 residen-

192 689 250 750 dum
264 687 308 750 est
323 689 385 770 legi
402 689 541 828 aptarim
559 690 589 746 in
605 709 664 768 quo
680 689 720 751 est
737 693 871 772 quaedam

191 771 362 844 dimicatio,
387 768 415 829 se
461 767 549 846 plena
574 768 684 829 laudis:
707 790 754 832 aut
772 771 872 853 quies-

188 851 308 912 cendum
324 871 335 925 3
352 849 435 930 quod
456 845 497 908 est
520 869 583 908 non
606 849 765 923 dissimile,
786 872 872 933 atque

147 935 149 942 '
186 933 226 992 ire
246 935 277 991 in
296 930 474 1003 Solonium,
492 946 541 989 aut
561 927 699 990 Antium:
720 936 872 992 autetiam

188 1010 409 1091 adjuvandum
430 1008 511 1090 quod
531 1030 549 1068 a
568 1029 615 1069 me
633 1013 711 1071 aiunt
729 1011 873 1073 Caesarem

187 1094 224 1152 sic
245 1091 434 1173 exspedlare,
455 1107 488 1150 ut
506 1111 567 1149 non
585 1090 704 1152 dubitet.
724 1092 800 1154 Nam
819 1093 873 1154 suit

188 1193 203 1231 a
221 1174 260 1233 ud
282 1193 333 1233 me
352 1171 510 1233 Cornelius
524 1191 535 1244 3
552 1171 627 1230 hunc
644 1173 711 1231 dito
726 1173 872 1250 Balbum,

237 1254 304 1314 saris
329 1253 527 1312 familiarem:
547 1253 571 1310 is
592 1249 770 1326 affirmabat,
789 1256 872 1314 illum

183 1336 321 1395 omnibus
344 1336 377 1393 in
399 1333 486 1393 rebus
508 1349 578 1391 meo
599 1332 630 1391 &
648 1332 779 1415 Pompeii
794 1357 871 1396 con-

193 1415 249 1475 silio
277 1415 428 1494 usurum,
455 1412 645 1493 daturumque
669 1435 814 1495 operam,
841 1435 872 1478 ut

194 1515 250 1555 cum
268 1493 419 1578 Pompeio
440 1490 572 1553 Crassum
593 1492 795 1576 conjungeret.
815 1495 872 1556 llic

194 1574 248 1636 silut
268 1577 343 1636 lraec·
378 1570 556 1650 Coniunffio
577 1574 647 1633 mihi
674 1574 783 1634 summa
806 1597 872 1636 tum

196 1653 347 1738 Pompei03
367 1658 393 1716 si
412 1655 528 1735 placet,
548 1656 634 1714 etiam
655 1675 721 1715 cum
740 1653 872 1730 Caesare3

199 1737 293 1797 tedims
304 1740 335 1796 in
352 1739 475 1818 gratiam
491 1755 555 1794 cum
572 1735 714 1810 inimicis,
733 1756 788 1816 pax
805 1758 870 1797 cum

198 1817 403 1890 multitudine,
433 1813 582 1876 seneeluris
609 1817 710 1876 otium.
737 1816 794 1877 Sed
822 1838 871 1879 me

200 1901 336 2034 Epirum
352 1916 421 1957 mea
437 1896 485 1956 illa
501 1913 692 1971 commovet,
709 1917 771 1979 quae
788 1896 829 1959 est
840 1901 871 1959 in

242 1997 259 2037 0
278 1994 368 2040 temo

203 2096 284 2149 Interea
302 2098 399 2168 carfics,
421 2120 479 2172 quos
497 2102 576 2172 prima
594 2120 609 2151 a
626 2116 696 2169 parre
709 2099 812 2166 iuvem
822 2134 830 2157 ‚

209 2187 303 2259 Quasque
317 2196 375 2244 adeo
394 2193 479 2262 consul
497 2196 607 2249 virtute.
631 2194 753 2259 animoque
770 2191 869 2260 peristi,

202 2281 421 2355 Horatiumque
431 2287 602 2357 mesariam,
614 2282 738 2351 laudesque
749 2284 870 2334 bonorum.

199 2389 259 2453 Hac
271 2393 338 2454 milri
354 2415 445 2475 quum
458 2397 487 2455 in
503 2416 541 2457 eo
554 2396 647 2469 libro,
664 2397 693 2453 in
709 2413 766 2473 quo
782 2392 871 2455 multa

197 2471 250 2535 lunt
270 2474 319 2534 scri
343 2491 372 2534 ta
395 2480 592 2555 dgtroxgalmdt
614 2523 624 2551 ‚
648 2474 782 2555 Calliope
812 2474 871 2554 ipsa

195 2496 411 2636 pmsmipidffl,
439 2576 499 2614 non
523 2559 629 2636 opinor
651 2554 707 2617 elle
731 2555 869 2615 dubitan-

194 2633 279 2711 dum,
298 2638 369 2716 quin
390 2633 505 2716 semper
522 2637 608 2697 nobis
627 2637 759 2698 videatur

223 2745 265 2810 Eis
275 2746 360 2812 αἰανὲς
370 2743 473 2826 αἴρεθ’
483 2746 630 2821 &paririsius
641 2743 695 2822 arpi
708 2750 815 2821 utime-

188 2848 240 2912 Sed
257 2853 318 2913 haec
336 2853 580 2914 ambulationibus
597 2852 806 2936 Compitaliciis
823 2876 869 2916 re·

188 2930 336 2994 servemus.
350 2933 400 2994 Tu
417 2934 509 3013 pridie
523 2933 697 3016 Compitalia
708 2953 867 2996 memento.

187 3010 334 3080 Balineum
350 3012 461 3078 calfieri
477 3011 605 3095 jubebo:
626 3018 658 3079 &
676 3016 869 3099 Pomponiam
