2117 3984
278 457 343 528 166
457 450 757 520 Errsrouu

271 572 316 632 liis
334 571 405 629 milri
423 568 524 629 dandis
545 586 599 626 nec
618 562 792 636 fortiorem,
809 581 866 624 nec
884 583 950 646 pm·
978 567 981 634 ξ

272 651 458 724 densiorem,
478 648 567 730 quim
585 664 631 705 me
651 643 743 725 ipsum
763 662 773 718 ς
790 664 845 705 nec
870 643 949 708 edm

272 754 328 813 pro
348 733 491 812 praeterita
511 748 579 788 mea
597 730 627 786 in
652 742 683 785 te
710 724 893 786 observantia

273 815 365 872 mium
382 814 414 871 in
431 809 558 872 custodia
573 806 666 866 salutis
684 825 758 866 meae
770 804 935 890 diligentem
970 871 972 876 ,

273 893 410 954 eumdem
431 912 467 952 ue
484 909 514 951 te
526 934 536 964 ‚
548 890 596 969 qui
608 888 707 966 primis
717 887 899 968 temporibus
910 887 956 956 en,

275 976 347 1034 roris
368 913 475 1043 oodri,
490 987 540 1030 aut
552 967 648 1050 potiris
667 966 771 1028 furoris
793 967 948 1062 particeps,

274 1055 308 1115 &
326 1053 389 1114 falsi
403 1054 516 1113 timoris
531 1048 624 1110 socius
644 1046 758 1123 fuisses,
775 1045 951 1110 acerbissimi

274 1134 426 1195 discidium
450 1129 577 1192 nostrum
602 1125 719 1201 tuille,
747 1126 949 1210 plurimumque¹

274 1235 393 1294 operae,
412 1212 513 1285 studii,
525 1212 697 1293 diligentiae,
711 1209 819 1270 laboris
836 1207 873 1270 ad
886 1223 959 1294 euni,

276 1295 432 1356 ficiendum
452 1293 577 1354 reditum
601 1310 700 1350 meum
720 1287 880 1351 contulill'e.
896 1285 960 1358 ltu-j.

276 1397 334 1458 que
355 1376 412 1436 hoc
428 1374 479 1435 tibi
490 1374 559 1434 vere
577 1370 707 1444 affirmo,
722 1373 752 1428 in
771 1371 898 1432 maxima
908 1367 960 1430 lai·

274 1460 355 1530 titia,
374 1455 405 1515 ὃ(
420 1454 634 1534 exoptatissima
647 1450 858 1532 gratulatione,
869 1425 961 1528 und!

276 1538 314 1596 ad
327 1537 531 1596 cumulandum
550 1532 685 1615 gaudium
698 1529 884 1611 conspedlum
893 1573 902 1604 ,
912 1533 953 1612 “i

277 1620 375 1697 potiits
397 1616 583 1696 complexum
607 1613 677 1672 milri
700 1629 782 1672 tuum
810 1609 960 1726 defiiffeq

276 1717 365 1778 quem
384 1695 471 1758 semel
491 1693 588 1754 nablus
613 1711 771 1773 numquam
799 1687 931 1754 dimisero
940 1691 964 1766 ,J

279 1798 331 1851 ac,
345 1780 399 1837 nisi
415 1780 501 1836 etiam
512 1770 710 1856 praetermiilos
719 1769 825 1834 studius
836 1789 893 1840 tua
902 1771 973 1845 smil

278 1859 375 1916 vitatis
393 1858 527 1937 praeteriti
547 1856 686 1935 temporis
702 1871 805 1914 omnes
817 1867 975 1936 exegero„

278 1934 409 2018 profedlb
425 1937 478 1996 hac
499 1933 675 1996 restitutione
695 1932 819 1994 fortunae
835 1953 884 1996 me
903 1929 980 2020 ll's‘l

280 2039 340 2077 non
361 2015 424 2076 satis
443 2018 562 2099 dignum
578 2014 722 2094 judicabo.
740 2013 803 2076 Nos
820 2013 915 2075 adhuc
932 2015 957 2074 iu
977 2059 979 2064 -

280 2096 377 2159 nostro
395 2096 484 2172 statu,
523 2098 584 2157 uod
610 2095 775 2157 difficillime
800 2093 958 2176 recupemn'

281 2177 361 2258 polle
374 2120 604 2239 arbitrarilumus
615 2224 624 2252 ‚
636 2176 819 2259 splendorem
837 2173 960 2238 noſtrum

280 2260 362 2321 illum
373 2259 516 2320 forensem
527 2304 537 2330 ‚
554 2260 585 2318 &
594 2263 623 2318 iu
639 2260 735 2317 senatu
746 2255 958 2330 audioritatem,

283 2341 315 2401 &
330 2341 406 2422 apud
417 2343 495 2400 viros
512 2338 607 2398 bonos
620 2340 738 2420 gratiam
752 2339 866 2432 magis,
880 2335 962 2420 quim

283 2439 469 2502 optaramus,
487 2418 632 2478 consecuti
658 2418 752 2477 sumus
777 2439 784 2477 :
805 2438 836 2477 rn
858 2437 891 2480 re
913 2437 963 2478 au·

282 2521 345 2563 tem
359 2500 511 2573 familiari,
523 2521 586 2581 quae
598 2498 846 2581 quemadmodum
860 2497 963 2574 stada,

283 2583 436 2661 dissipata,
450 2581 561 2662 direpta
579 2582 613 2639 sit
625 2625 633 2654 ‚
647 2600 706 2639 non
726 2583 842 2660 ignoras
856 2625 865 2651 ‚
877 2577 966 2640 valde

284 2662 447 2723 laboramus
466 2683 475 2736 3
491 2678 661 2741 tuarumque
684 2676 824 2720 nontam
843 2658 966 2720 faculta-

283 2759 370 2818 tum,
389 2765 458 2824 quas
474 2763 532 2824 ego
549 2739 655 2801 nostras
672 2738 727 2799 esle
745 2737 865 2816 judico,
881 2737 965 2822 quin

283 2826 472 2885 consiliorum
494 2823 531 2882 ad
553 2819 775 2902 colligendas&
792 2819 966 2882 constituen·

276 2905 336 2965 -dus
356 2906 487 2984 reliquias
507 2899 637 2973 nostras,
661 2902 836 2982 indigemus.
860 2900 966 2974 Nunc,

281 2989 339 3050 etsi
358 2987 457 3054 omnia
472 3000 522 3046 aut
534 2980 640 3067 scripta
650 2980 738 3047 effea
756 2985 812 3048 tuis
832 2983 966 3056 arbitror,
