2117 3984
277 358 386 423 2¹4.
459 331 785 402 Erimon.

269 446 417 529 ,siquidem
437 442 499 522 ejus
517 442 618 524 inopid
633 443 727 502 minis
740 439 839 502 multa
860 439 898 500 ad
909 457 959 506 'me

271 527 380 590 scribis.
391 524 440 585 Tu
452 525 526 586 verb
537 522 616 586 aufer
626 524 786 590 ducentos:
798 522 857 584 etsi
865 539 961 582 meam

272 611 303 669 in
318 628 356 668 eo
377 605 585 686 parcimoniam
602 602 685 680 hujus
701 604 815 685 paginae
831 620 962 674 contrac-

272 690 315 747 tio
333 685 492 782 significat,
508 685 578 744 dum
596 683 656 744 afta
672 684 706 744 &
718 681 959 822 rumosresvellet.

272 761 885 929 issffassttssttss‘d{dimititte
899 783 960 904 ἐξ

272 929 358 1004 tribus
377 928 461 988 rebus
481 925 633 1007 diligentes
653 924 745 984 dabis.
812 975 819 994 .,

390 1041 551 1105 thrao
584 1041 745 1104 A'rrtco
775 1040 863 1102 Sar..
930 1065 932 1070 ·

277 1131 457 1244 5.Ptm
477 1161 585 1236 deest,
608 1163 688 1243 quod
711 1160 834 1222 scribam
852 1183 863 1236 3
889 1183 953 1226 narn

271 1264 331 1308 ‚nec
347 1245 418 1325 quid
432 1244 569 1304 mandem
581 1243 693 1317 habeo,
709 1242 780 1302 nihil
797 1245 878 1304 enim
892 1265 957 1326 pr:-

274 1324 432 1421 termiffum
459 1323 524 1396 est3
552 1343 607 1383 nec
632 1324 701 1403 quid
725 1342 841 1383 narrem
862 1345 869 1384 τ
889 1325 956 1392 noyi

147 1413 150 1418 ’
271 1425 356 1483 ¹emm
373 1405 443 1464 mhil
454 1450 467 1478 ‚¹
480 1424 535 1464 nec
552 1400 667 1482 jocandi
680 1405 762 1465 locus
780 1401 823 1464 est
834 1448 844 1477 ‚
857 1405 902 1470 ira,
911 1423 955 1472 me

272 1487 365 1550 multa
393 1485 554 1544 sollicitant.
583 1482 712 1543 Tanritm
734 1500 835 1544 tamen
860 1483 955 1560 scito,

275 1563 375 1626 Idibus
397 1564 467 1624 Maii
489 1588 544 1625 nos
570 1563 700 1624 Venusii
720 1565 806 1624 mane
828 1563 954 1644 proficis,-

276 1661 375 1706 centes
395 1646 445 1704 has
466 1642 574 1716 dedisse
594 1665 601 1702 ε
629 1665 666 1705 eo
687 1662 784 1706 autem
798 1645 858 1720 die-
872 1645 953 1714 credo

273 1723 385 1804 ¹aliquid
409 1723 501 1786 adum
519 1727 550 1784 in
568 1724 674 1784 senatu.
697 1724 953 1810 sequamur-igitur

272 1824 332 1868 ¹nos
353 1822 408 1864 tuae
428 1804 559 1878 litterae,
586 1806 689 1883 quibus
716 1825 778 1867 non
800 1803 952 1874 modestes

272 1905 399 1958 omnes,
415 1884 464 1944 sed
485 1885 573 1944 etiam
586 1905 716 1945 rumores
732 1885 951 1967 cognoscamiu:

276 1985 323 2023 eas
343 1968 518 2044 accipiemus
533 1964 694 2025 Brundisii:
711 1967 752 2026 ibi
772 1969 854 2027 enim
871 1965 952 2028 Pom·

271 2048 390 2124 prinum
410 2046 447 2105 ad
463 2066 528 2106 eam
545 2046 642 2120 diem,
658 2067 745 2126 quam
762 2063 794 2106 tu
809 2045 952 2127 scripsisti,

270 2126 439 2206 exspediare
462 2125 613 2186 consilium
636 2125 685 2186 est.
714 2125 779 2186 Nos
805 2125 950 2200 Tarenti,

277 2228 351 2286 quos
371 2230 437 2268 cum
456 2206 597 2286 Pompeio
613 2206 738 2277 dativae
756 2207 793 2276 de
812 2207 952 2288 republica

270 2287 479 2361 ,ltabuerimus,
499 2287 536 2347 ad
553 2304 582 2347 te
605 2284 811 2366 perscribemus
829 2307 839 2361 ;
857 2290 910 2356 etsi
926 2287 952 2350 id

271 2368 370 2446 ipsum
389 2368 458 2428 scire
474 2370 580 2447 cupio,
596 2366 676 2447 quod
695 2366 731 2424 ad
748 2385 865 2448 tempus
882 2367 952 2430 redd

274 2448 315 2510 ad
329 2466 358 2508 re
375 2449 495 2508 scribere
516 2450 649 2527 possim,
671 2446 701 2506 id
720 2445 783 2520 est,
801 2449 889 2529 quim
908 2449 952 2510 diu

277 2527 381 2588 Roma
395 2528 503 2588 futurus
519 2531 577 2601 sis,
591 2546 642 2600 ut,
659 2543 707 2585 aut
721 2529 781 2607 qub
796 2529 866 2590 dem
881 2526 954 2612 post·

277 2607 331 2666 hac
353 2609 459 2667 litteras
484 2605 599 2678 sciam,
626 2624 673 2666 aut
698 2627 736 2667 ne
756 2608 827 2668 dem
851 2607 952 2670 frustra

276 2686 334 2747 Sed
351 2689 415 2748 ante
432 2686 518 2767 quim
533 2686 731 2766 proficiscare,
748 2691 849 2769 utique
868 2710 904 2752 ex
925 2690 953 2748 li·

271 2787 370 2835 tatum
392 2769 431 2836 sit
452 2767 521 2826 illud
545 2766 615 2827 H-S
636 2785 683 2828 xx
705 2767 737 2827 &
761 2787 853 2832 Dece
872 2791 880 2832 ι
902 2711 951 2830 doc

278 2851 369 2912 velim
389 2851 419 2909 in
439 2849 571 2910 maximis
591 2848 675 2924 rebus
695 2847 727 2913 ὃ(
746 2852 875 2918 maxim'e
900 2869 952 2934 ηε·1
