2117 3984
291 472 358 533 'AD
378 463 589 532 Arrrcvu
608 464 694 534 Lm.
715 464 767 534 II.
828 491 871 561 9¹

201 596 317 644 nentem
345 571 376 642 C
430 599 450 640 o
479 579 633 655 invidere,
655 602 675 642 n
714 601 750 641 ue
773 586 878 662 poeni-

196 679 267 734 tere,
295 658 384 742 quod
452 678 502 722 me
519 660 585 741 'ipse
611 599 879 727 nonelesciverim.

191 741 231 804 De
246 740 433 882 geographia
448 739 524 802 dabo
540 762 663 822 operam
678 760 711 802 ut
724 742 777 803 tibi
793 741 877 804 satis-

188 822 286 886 ficiam
298 843 308 896 ;
321 820 354 884 se
389 820 460 882 nihil
468 823 547 882 merri
560 824 724 904 polliceor:
737 844 874 905 magnum

186 927 258 987 opus
280 901 352 977 ὣς
374 901 426 964 sed
445 918 569 979 tamen,
586 922 618 965 ut
638 902 748 977 iubes,
769 905 875 966 curabo

186 1004 213 1046 ιιι
228 983 315 1065 hujus
308 986 576 1127 1peregrinacionis
594 984 713 1066 aliquod
730 985 783 1045 tibi
802 1007 876 1065 opus

186 1065 284 1130 exstet.
341 1088 362 1126 u
385 1064 527 1145 quidquid
546 1065 693 1147 indagaris
723 1067 760 1126 de
784 1086 876 1146 repu-

187 1148 279 1220 blica,
304 1146 339 1207 &
366 1147 493 1210 maxime
516 1166 591 1225 quos
614 1145 744 1207 consules
763 1145 875 1207 futuros

233 1249 295 1302 es,
321 1225 415 1286 facito
441 1243 475 1287 ur
499 1224 609 1290 sciam:
636 1229 752 1287 tametsi
777 1227 873 1287 minias

265 1305 426 1368 curiosus:
456 1303 538 1367 statui
558 1308 636 1369 enim
661 1307 730 1367 nihil
756 1304 814 1386 jam
835 1308 874 1368 de

190 1389 332 1470 republica
352 1389 494 1469 cogitare.
516 1385 662 1449 Terentiae
682 1387 783 1448 saltum
802 1408 874 1468 per-

191 1469 204 1530 s
251 1473 257 1486 '
290 1487 349 1530 us:
371 1467 443 1550 quid
464 1468 590 1549 quaeris?
608 1487 715 1549 praeter
733 1489 873 1548 quercum

275 1568 373 1610 nam
394 1548 470 1608 mihil
485 1549 713 1621 desideramus,
733 1548 793 1628 quo
819 1550 876 1607 mi·

189 1634 239 1692 nie
262 1629 388 1712 Epirum
410 1627 507 1769 ipsam
534 1631 687 1712 possidere
714 1629 875 1691 videamur.

195 1709 251 1774 Nor
267 1715 384 1774 circiter
442 1710 478 1769 al.
502 1728 553 1771 aut
576 1713 607 1769 in
629 1710 786 1770 Formiano
813 1711 874 1770 eri-

194 1812 264 1868 mus,
279 1809 333 1854 aut
351 1794 384 1852 in
405 1789 597 1871 Pompeiano.
620 1789 693 1866 Tu,
712 1791 736 1851 si
754 1793 783 1849 in
800 1790 873 1850 For-

196 1876 279 1934 miano
306 1894 373 1934 non
403 1873 510 1932 erimus
534 1916 544 1946 ,
574 1875 598 1932 si
628 1893 683 1932 nos
710 1892 814 1946 amas,
840 1873 871 1932 in

197 1951 396 2035 Pompeianum
409 1952 526 2012 venito:
544 1952 575 2011 id
591 1952 622 2012 &
637 1952 720 2012 nobis
737 1954 791 2012 erit
805 1972 872 2034 per·

141 2079 146 2110 r
196 2030 367 2111 jucundum,
390 2032 423 2092 ὃ(
440 2034 493 2093 tibi
511 2054 573 2092 non
593 2031 658 2093 sane
676 2033 805 2095 devium.
819 2031 871 2095 De

141 2113 144 2162 ἕ
197 2134 274 2174 muro
290 2113 432 2194 imperavi
454 2111 608 2173 Philotimo
633 2135 669 2173 ne
691 2114 870 2193 impediret,

202 2195 256 2273 qub
268 2193 354 2254 minis
368 2194 400 2253 id
418 2190 503 2255 fieret
517 2238 526 2267 ‚
542 2194 621 2275 quod
639 2196 691 2253 tibi
706 2194 874 2254 videretur:

141 2315 143 2334 .
197 2273 298 2335 censeo
311 2292 403 2336 tamen
415 2274 553 2334 adhibeas
569 2273 714 2333 Vedium.
729 2271 784 2331 llis
797 2290 872 2333 tem-

193 2355 322 2452 poribps,
336 2373 397 2451 qim
406 2355 499 2451 dubii
513 2355 575 2416 viri
590 2356 694 2449 optimi
710 2351 869 2435 cujusque,

189 2456 282 2577 dd
301 2434 786 2592 {llllaellllssllssmlll‘l
799 2456 870 2576 lii

190 2600 278 2659 minlrs
293 2598 406 2672 velim,
420 2598 507 2678 quim
521 2596 732 2677 Pomponiam,
749 2598 782 2660 &
796 2618 869 2680 pue·

188 2699 247 2740 rum
268 2678 377 2741 versari
395 2681 425 2738 in
448 2682 555 2742 timore
576 2682 673 2739 ruinae.

289 2794 455 2860 Crcrno
482 2795 649 2861 Amco
677 2797 759 2860 San.

188 2879 384 2996 5.Cv1²10
418 2919 584 3000 equidem,
613 2920 643 2979 &
668 2917 726 2998 jam
753 2922 867 3001 pridem

183 3000 268 3081 cupio
286 2998 515 3078 Alexandriam,
534 3000 730 3084 reliquamque
747 3001 867 3086 Egyp-
