2117 3984
320 492 382 552 'An
393 483 613 553 Atticum
630 486 718 558 Lrn.
734 485 785 559 11.
836 487 881 589 85

215 615 287 660 nemo
295 598 460 675 invideret3
471 603 497 662 si
507 622 630 676 omnes,
641 622 673 664 ut
680 599 791 663 erata'
815 626 886 682 um,

210 677 349 755 faverent3
363 698 463 743 tamen
475 703 537 744 non
550 685 646 743 minius
656 682 723 746 esset
733 706 785 765 pro
808 688 887 748 anda

206 762 359 837 medicina,
371 783 438 865 quat
452 762 566 825 sanaret
580 763 696 825 vitiosas
714 784 807 845 partes
824 771 883 828 rei-

203 842 337 921 publice,
347 863 437 924 quarn
448 865 514 940 quae
527 844 686 905 exsecaret:
701 865 776 905 nunc
788 851 881 922 verri,

202 941 286 1063 qqunr
304 924 448 1005 equitatus
465 925 515 985 rlle
537 969 547 998 ,
574 945 662 1005 quern
682 945 739 1007 ego
758 928 884 991 inclito

260 1005 393 1078 itosino,
417 1023 448 1066 te
467 1004 634 1087 signifero,
664 1027 697 1066 ac
723 1008 882 1088 principe,

198 1102 229 1144 co
248 1105 386 1158 ocaratn,
399 1084 530 1147 senatum
544 1086 715 1159 deseruerim
730 1085 819 1148 nostri
834 1109 885 1149 au·

198 1179 249 1224 tem
276 1167 430 1246 principer
460 1167 489 1224 di
512 1169 552 1227 'to
582 1168 611 1228 se
641 1170 748 1227 coelum
778 1185 883 1249 putent

197 1247 351 1328 attingere,
366 1250 392 1306 ti
406 1246 490 1306 mulli
523 1246 612 1306 arbati
628 1249 657 1307 in
675 1247 787 1329 piscinis
803 1251 880 1326 sint,

147 1381 149 1388 .
196 1329 234 1406 qui
254 1326 294 1388 ad
316 1347 443 1388 manum
462 1328 624 1400 accedant3
642 1329 700 1388 alia
713 1347 809 1389 autem
825 1351 882 1391 ne-

197 1406 316 1490 qigant:
336 1427 443 1468 nonne
458 1409 512 1468 tibi
528 1407 593 1468 satis
629 1407 741 1469 rodesse
756 1410 881 1485 videor,

198 1486 372 1570 tiperficio,
389 1505 424 1549 ut
435 1489 529 1549 nolint
545 1429 664 1562 mese,
679 1492 730 1570 qui
746 1490 884 1569 possunt?

199 1563 268 1628 Nam
277 1566 432 1630 Catonem
447 1566 574 1630 nostrum
589 1590 650 1629 non
661 1588 692 1629 ru
705 1589 784 1629 amas
799 1572 880 1651 plus,

202 1647 281 1726 quarn
297 1667 352 1732 ego
371 1670 380 1710 t
401 1649 453 1710 sed
472 1667 569 1710 tamen
588 1650 658 1723 ille,
681 1651 795 1730 optimo
814 1654 882 1711 ani-

203 1745 246 1789 no
266 1745 373 1804 utens,
397 1731 431 1791 &
453 1729 563 1790 summi
582 1729 662 1805 fide,
683 1748 768 1792 nocet
788 1732 882 1793 inter·

199 1807 256 1870 dum
278 1811 472 1892 reipublicaez
493 1810 563 1871 dicit
582 1813 660 1873 enim
680 1830 826 1894 tamquam
845 1816 877 1874 in

195 1885 314 1952 Platonis
338 1893 492 1970 πολιτείᾳ,
513 1912 575 1952 non
596 1907 745 1973 tamquam
762 1896 792 1953 in
809 1892 881 1955 Ro·

195 1973 256 2032 muli
284 1970 393 2044 faece,
423 1970 602 2032 sententiam.
632 1972 719 2052 Quid
748 1979 874 2050 verius,

193 2053 273 2131 quim
298 2055 330 2112 in
356 2048 498 2130 judicium
519 2056 644 2127 venire,
675 2055 725 2133 qui
746 2055 785 2114 ob
813 2075 878 2115 rem

194 2127 373 2207 judicandam
396 2134 551 2212 pecuniam
561 2133 744 2214 acceperit?
767 2135 879 2196 censuit

197 2209 250 2272 hoc
267 2211 364 2274 Cato:
391 2210 504 2274 assensit
525 2213 648 2274 senatus.
675 2214 794 2294 Equites
820 2236 878 2275 cu-

192 2292 238 2352 riae
257 2293 385 2369 beilum,
405 2313 468 2354 non
483 2294 572 2365 mihi;
590 2314 658 2353 nam
678 2313 736 2375 ego
752 2292 877 2357 dissensi.

190 2372 269 2516 Ἡ
295 2374 497 2469 impudentius
518 2375 684 2435 Publicanis
708 2376 878 2435 renuntian-

203 2457 208 2468 '
246 2455 284 2516 a?
306 2455 473 2515 sutttamen
484 2456 629 2516 retinendi
641 2456 750 2516 ordinis
769 2456 875 2533 causi,

188 2532 317 2597 sacienda
328 2534 455 2610 iasiura:
473 2535 592 2609 restitit,
606 2538 636 2597 &
652 2538 774 2618 pervicit
785 2535 873 2599 Cato.

187 2613 287 2700 ltaque
305 2638 408 2689 nunc,
424 2616 543 2677 consule
559 2619 588 2675 in
604 2637 718 2678 carcere
735 2618 843 2680 incluso
863 2665 874 2696 ,

186 2695 257 2778 sepe
272 2699 346 2759 item
366 2696 508 2757 seditione
530 2701 703 2772 commoti,
721 2698 876 2779 adspiravit

186 2797 272 2840 nemo
303 2797 435 2853 eorum,
465 2798 589 2858 quotum
619 2779 680 2840 eo¹
705 2781 876 2855 concursu,

184 2859 313 2940 itemque
339 2858 495 2932 consules,
553 2861 624 2941 ipo
669 2880 718 2921 me
736 2862 873 2932 suerunt,

185 2941 396 3020 rempublicam
430 2938 517 3000 desen
539 2961 588 3002 ere
617 2942 755 3003 solebant.
788 2941 874 3017 Quid

184 3020 277 3102 ergo?
296 3019 386 3098 istos,
404 3022 541 3103 inquies,
556 3023 691 3087 mercede
710 3018 870 3084 conductos
