2117 3984
254 478 322 558 3²4.
434 457 742 527 Errsrorn
796 491 798 496 ·

251 571 363 651 prolixd
382 570 558 652 respondent
577 568 718 648 Campani
738 569 847 631 coloni.¹
863 569 937 633 Gla-¹
978 607 982 616 ·

253 650 378 711 diato'res
406 650 525 725 Caesaris
547 695 556 723 ‚
579 653 628 728 qui
650 647 759 727 Capuae
782 649 872 725 sunt,
896 653 938 719 de

253 731 356 810 quibus
373 734 438 794 ante
460 733 496 791 ad
511 747 540 790 te
556 729 656 789 falsum
672 749 708 789 ex
725 728 869 808 Torquati
886 732 952 793 lit-.

251 813 319 872 teris
348 812 400 872 scri
423 810 542 883 seram,
568 809 632 868 sane
660 810 816 870 commode
840 811 935 874 Pom·¹

253 893 337 970 peius
361 834 525 962 didiibuit,
552 891 637 948 binos
664 889 779 969 singulis
827 890 935 953 artibus

252 971 430 1031 familiarum.
443 970 596 1030 Scutorum
613 973 642 1027 in
660 968 729 1027 ludo
743 986 793 1028 Μ..
833 987 933 1031 erunt:

253 1055 436 1131 eruptionem
451 1049 550 1109 induri
565 1047 644 1108 fuiffe
659 1048 835 1109 dicebantur.
856 1050 935 1126 Sunii

251 1135 375 1190 multum
404 1133 432 1190 in
459 1150 496 1190 eo
523 1131 565 1188 rei
586 1128 687 1187 ublicae
709 1128 854 1208 provisum
881 1129 935 1205 est!

250 1208 303 1271 De
327 1210 495 1283 mulieribus
511 1151 630 1281 stodiis,
653 1211 682 1267 in
705 1209 807 1287 quibus
826 1207 868 1269 est
883 1229 934 1285 tun¹

250 1289 333 1358 soror
352 1335 361 1364 ‚
382 1289 480 1371 quaeso
496 1289 624 1364 videas,
643 1307 675 1347 ut
697 1288 760 1348 satis
779 1287 934 1365 honestum

251 1371 336 1438 nobis
354 1372 411 1444 sit,
429 1390 477 1430 eas
492 1368 599 1440 ,Rornae
617 1366 696 1442 effe,
719 1389 809 1448 quum
828 1388 934 1444 ceterae¹

251 1450 309 1526 nlla
330 1451 467 1531 dignitate
489 1446 657 1509 discesserint
673 1467 682 1519 ;
706 1448 763 1517 hoc
779 1448 878 1528 scripsi
894 1451 933 1525 ad

251 1551 323 1605 eas,
348 1532 380 1590 &
405 1532 442 1591 ad
470 1548 498 1589 te
522 1528 614 1608 ipsum
634 1547 718 1601 antea
737 1548 745 1586 ε
767 1515 859 1587 velim
881 1549 934 1606 eas

250 1612 404 1671 cohortere
425 1655 435 1683 ,
456 1629 487 1669 ut
508 1625 612 1668 exeant
630 1628 639 1681 3
659 1606 814 1687 praesertim
839 1629 935 1690 qusint

250 1710 285 1750 ea
311 1691 418 1771 praedia
443 1691 472 1746 in
500 1710 551 1747 ora
578 1691 718 1747 maritima
744 1686 935 1765 habeamus,

250 1772 296 1829 cui
323 1787 380 1851 ego
403 1766 522 1848 praesurn
541 1813 551 1842 ‚
572 1786 604 1827 ur
621 1771 649 1826 in
675 1768 718 1825 his
737 1788 790 1846 pro
811 1788 843 1827 re
863 1786 935 1830 nata

248 1871 307 1921 non
320 1848 505 1922 incommode
522 1850 634 1925 possint
650 1846 715 1907 esse.
725 1846 809 1912 'Nam
822 1850 846 1907 si
859 1851 930 1929 quid

247 1927 421 2006 offendimus
433 1929 488 2001 ,in
506 1947 615 2006 genero
631 1926 747 1999 nostro;
766 1929 848 2007 quod
884 1932 932 1989 ui-

248 2009 315 2069 dem
335 2029 392 2089 ego
411 2006 541 2086 praestare
562 2030 623 2066 non
644 2008 759 2067 debeo:
781 2007 830 2067 sed
850 1950 883 2067 id
896 2006 931 2070 fit

246 2085 356 2166 maim,
370 2088 449 2167 qubd
465 2087 599 2147 mulieres
614 2086 715 2148 nostrae
731 2106 836 2166 praeter
851 2104 930 2149 cete-

246 2190 291 2229 ras
302 2168 406 2229 Romae
416 2168 617 2227 remanserunt.
628 2167 676 2227 Tu
685 2166 745 2247 ipse
758 2188 824 2225 cum
836 2167 933 2231 Sexto

245 2248 314 2324 scire
333 2250 426 2309 velim
442 2248 511 2328 quid
530 2252 641 2328 cogites
660 2248 695 2307 de
716 2247 871 2321 exeundo,
888 2250 926 2318 de

245 2348 365 2409 totaque
389 2349 420 2390 re
447 2329 516 2407 quid
542 2326 693 2399 existimes.
720 2326 930 2407 Equidemtad

242 2418 347 2497 pacem
372 2409 478 2468 hortari
499 2429 562 2483 non¹
579 2408 700 2468 desino:
722 2429 785 2487 quae
807 2408 858 2467 vei
878 2409 926 2468 in-

242 2489 314 2568 msto
328 2489 426 2562 utilior
443 2487 501 2560 est,
517 2487 602 2566 quim
617 2487 798 2565 justissimum
807 2487 928 2549 bellum.

243 2569 302 2632 Sed
323 2568 384 2628 haec
404 2584 435 2627 ut
454 2567 513 2643 fors
535 2569 640 2629 tulerit.

250 2685 286 2722 ”s
321 2685 517 2747 'Cretico
546 2684 712 2747 Attico
735 2687 820 2747 Str..

245 2771 513 2884 15.U1·ahurbe
536 2807 676 2882 discessis,
698 2809 808 2888 nurum
829 2794 928 2872 situ«

241 2887 378 2962 intermisi
401 2886 501 2959 diem,
521 2889 590 2965 quin
609 2889 718 2969 aliquid
737 2891 773 2947 ad
791 2908 820 2951 re
843 2894 926 2955 litte-

238 2985 332 3041 rarum
351 2965 469 3038 darem:
489 2986 549 3026 non
567 2969 626 3048 quii
643 2970 780 3046 haberem
794 2994 927 3059 magno·
