2117 3984
170 358 232 436 5504
349 347 631 408 -Norarrna

166 460 234 508 dices
252 460 376 517 uterque,
394 464 440 513 pro
459 451 587 516 vulgato,
610 449 685 499 eriam
704 448 794 500 num
810 448 854 502 olli

167 530 248 581 mittas
269 523 333 574 loiri
348 538 403 570 cum
415 524 515 576 Graevio
530 523 645 574 dedimus
655 541 689 574 ex
698 525 855 592 Hesychio&

167 603 268 655 Polluce
278 590 415 657 rimus.
429 598 536 654 indices,
552 615 600 663 pro
611 599 721 666 vulgato
733 594 860 660 reuulso·

202 675 265 724 lbid
295 692 339 737 24.
366 670 483 734 Emistil
484 687 559 720 ocum.
585 672 615 720 ln
644 690 697 738 quo
718 679 852 743 gladiatores

166 763 370 808 exercerentur,
390 761 450 814 quos
470 745 576 794 habebnt
595 747 702 798 Atticus
722 782 731 808 ,
753 768 801 801 non
817 764 855 800 tan

166 835 194 872 ut
215 822 266 887 ipse
282 839 367 878 munus
384 820 491 877 ederet,
513 822 586 884 quam
604 833 634 870 ut
653 821 685 870 iis
700 835 747 872 aut
764 825 857 874 locandis

167 907 211 945 aut
222 896 355 947 vendendis
368 911 419 944 rem
429 892 531 942 iaceret.
544 892 575 942 Si
583 893 672 943 locare
682 894 812 962 voluiffes',
829 897 857 945 li·

166 966 275 1036 beroffes.
287 969 360 1019 Tanti
369 965 484 1024 locasses,
497 967 581 1032 quanti
591 968 682 1019 emilii.
695 969 734 1018 lta
746 970 856 1022 Graerius.

211 1057 285 1108 179,
307 1043 333 1095 8.
356 1041 521 1098 Recnntatio,
542 1057 619 1105 quum
631 1041 772 1094 Caesarem
790 1044 855 1093 lauda·

166 1128 226 1172 ret,
246 1134 317 1184 quem
335 1117 392 1166 ante
413 1116 602 1179 vituperaverat.
619 1163 622 1169 ,

202 1189 264 1241 lbid.
280 1203 325 1255 23.
343 1190 505 1258 Argumento.
524 1187 585 1239 Scil.
605 1185 760 1253 ejusmodi,
778 1203 802 1241 ur
813 1206 853 1239 no·

172 1261 227 1313 dice
247 1265 409 1314 laudaremus.

210 1337 260 1389 180
272 1351 316 1401 ,.3
332 1337 406 1386 Finis.
419 1333 670 1385 Sittlehacresatis.
682 1331 854 1395 Housman,¹

169 1426 241 1477 quam
258 1413 375 1461 omittunt
395 1409 487 1478 vulgati
505 1441 513 1468 ,
540 1407 640 1459 servant
665 1412 732 1480 regii
753 1413 854 1470 codices,

170 1494 237 1534 curn
241 1485 304 1538 aliis·
566 1497 569 1503 '

194 1557 269 1608 'lbid.
292 1570 333 1608 tr.
352 1553 478 1627 Waticurn.
498 1553 602 1605 Votivae
623 1555 767 1644 legationis
775 1559 855 1608 obeun-

169 1629 225 1688 δὲ,
231 1630 267 1683 de
278 1647 323 1697 qua
335 1631 519 1698 cogitaveram
512 1628 659 1697 Crassipes
666 1647 791 1699 praerrprt
808 1630 853 1687 cui,

170 1694 257 1753 Pisone
276 1714 393 1759 mortuo,
411 1703 523 1751 nubserat
536 1699 634 1750 Tullia.

207 1775 269 1823 lbid.
290 1788 334 1838 30.
347 1774 460 1824 'Publicis
476 1777 549 1822 rebus
565 1777 688 1840 gerendis
706 1793 749 1844 par
764 1778 787 1827 dt
803 1775 852 1824 ido·

170 1863 240 1897 neus.

210 1920 281 1979 181,
301 1933 343 1970 10.
359 1918 453 1969 Erimus
469 1917 583 1978 affecte,
603 1922 648 1988 qui
668 1924 743 1973 duces
761 1919 798 1987 effe
813 1937 853 1969 ro·

174 1993 266 2044 luimus.

212 2068 274 2116 lbid.
293 2081 334 2127 14.
352 2067 462 2129 Spartani
478 2065 576 2115 sortitus
594 2083 622 2116 es
641 2083 648 2118 t
667 2070 733 2118 hanc
749 2069 839 2118 adorna.

207 2141 270 2191 lbid.
296 2140 336 2190 18.
356 2139 391 2190 Ur
406 2141 449 2203 ista
468 2138 602 2205 improbem.
629 2142 665 2191 Ur
683 2142 853 2197 istorumaila,

175 2230 229 2279 quae
248 2215 277 2263 ad
292 2214 443 2282 tyrannidem
461 2214 584 2278 spellam,
604 2216 722 2266 damnare
735 2235 772 2267 me
788 2215 855 2264 oden·

175 2289 238 2336 dam.
257 2288 389 2353 Malaspina
408 2289 496 2337 mavult
509 2287 623 2354 probem,
645 2290 712 2338 sensu
725 2290 794 2354 plane
804 2304 855 2338 con·

177 2361 262 2411 trario.
281 2362 412 2427 Vulgltutn
430 2362 522 2427 servant
538 2362 599 2427 regii
621 2364 735 2413 codices.

214 2434 274 2481 lbid.
294 2436 342 2490 26„
355 2434 406 2482 Illa
423 2434 593 2483 Hortensiana.
608 2437 719 2486 Videtur
730 2436 848 2500 intelligere

174 2505 260 2553 librum
282 2506 312 2554 de
339 2508 496 2572 philosophiae
523 2509 661 2567 laudibuS,
688 2527 757 2577 quem
778 2505 851 2574 postea

176 2578 288 2643 seripsit,
312 2579 481 2658 inscripsitque
503 2579 669 2631 Hortensium.

212 2651 273 2701 lbid.
294 2663 335 2712 30
353 2650 424 2700 Illius
441 2672 487 2701 nort
506 2656 578 2702 amici
601 2659 763 2725 ntemperr'em
781 2651 857 2719 tuliffe.

173 2725 214 2774 Ne
239 2743 310 2810 quum
337 2726 419 2775 videar
447 2725 530 2778 llulrus
553 2730 679 2788 fuiffefl
665 2751 721 2780 num
739 2724 858 2782 Hortensii

173 2813 224 2846 non
240 2798 309 2847 amici
327 2801 443 2850 rationem
462 2802 526 2851 haud
544 2801 598 2852 latis
622 2806 804 2854 consideratam
821 2818 861 2866 pa·

170 2859 263 2919 tienrer
276 2871 338 2935 tuli,
357 2874 443 2924 rursus
455 2875 538 2926 llulrus
554 2877 660 2935 videar,
689 2879 709 2927 si
740 2874 860 2927 scribendo

169 2939 199 2988 ad
215 2957 270 2992 eum
281 2934 393 3011 aliquid
380 2945 512 3014 ,injuriam
527 2949 581 3016 ejus
598 2953 755 3019 apertiorem
770 2950 858 3003 facien
