2117 3984
442 275 492 336 sed
511 276 675 351 conjesiuri
694 275 868 354 prospiciens
885 292 895 344 ;
920 276 984 336 Jarn

441 378 547 435 magno.
571 351 642 412 Non
664 354 757 413 multo
775 353 934 433 ,inquam‚
951 350 980 412 se

442 435 504 495 sum
518 434 667 494 vaticinari
682 453 689 490 ε
712 450 790 492 tanta
812 432 957 492 malorum
972 432 983 490 i

443 517 529 579 ι’λιάς.
552 513 651 593 Atque
674 512 730 571 hbc
753 510 846 573 nostra
863 513 979 592 gravior

443 592 496 666 sa,
517 596 565 674 qui
585 592 665 653 domi
680 590 797 663 sumus,
817 592 904 671 quim
919 592 984 651 illor

444 673 501 733 un'a
516 676 706 745 transierunt,
721 672 801 753 quod
816 672 857 732 illi
870 673 984 812 ppidem

446 770 599 826 metuunt,
618 774 671 813 nos
692 767 785 813 utrum
826 773 852 813 e.
900 774 934 817 ur
949 752 984 833 igi

446 835 537 914 quis,
562 832 772 895 remansimus?
828 833 856 893 el
876 831 927 892 tibi
969 853 984 891 a

445 913 493 973 vel
508 933 569 972 non
587 914 763 973 occurrimus
776 932 785 984 ;
803 913 852 973 vel
868 912 931 974 hor:¹
943 853 984 973 siri

447 990 637 1065 conculcari,
651 996 787 1071 inquam,
807 991 938 1053 miseram
954 991 984 1052 It

446 1073 527 1132 debis
550 1073 682 1150 proximi
699 1070 792 1132 aestate
805 1116 815 1145 ‚
828 1073 866 1131 ’ἃ
884 1074 964 1153 quati
983 1097 984 1102 ¹

445 1153 496 1224 vi,
514 1152 665 1230 mancipiis
687 1171 724 1210 ex
743 1153 825 1212 omni
845 1171 952 1234 genere
972 1173 984 1212 r

447 1251 501 1292 nec
522 1245 582 1289 tam
603 1231 772 1311 proscriptio
790 1231 984 1312 pertimescem

445 1311 573 1372 Luceriae
587 1312 682 1371 multis
697 1312 873 1373 sermonibus
891 1312 984 1375 denun

448 1392 535 1471 quim
556 1391 701 1453 universus
720 1394 870 1453 interitus:
893 1410 984 1454 tantas

448 1473 577 1554 fligendo
589 1471 731 1552 utriusque
745 1475 821 1535 vires
832 1474 922 1534 video
935 1472 984 1535 fun

447 1554 498 1613 bes
518 1549 710 1629 conjesiuram
728 1573 840 1613 meam:
856 1572 889 1614 ru
906 1569 984 1614 auter

447 1629 563 1692 lationis
582 1630 695 1691 sortasse
717 1633 823 1713 aliquid
841 1631 984 1714 exspesias

449 1714 588 1782 invenio;
608 1711 677 1770 nihil
693 1709 755 1772 fieri
776 1712 871 1792 potest
890 1712 982 1774 miseri

447 1792 587 1869 perditius
611 1811 621 1862 ;
645 1791 713 1850 nihil
739 1790 855 1853 foedius.
882 1792 976 1873 Quod

448 1870 519 1950 quid
534 1869 629 1930 Caesar
644 1870 681 1929 ad
701 1891 748 1931 me
766 1871 921 1952 scripserit:
939 1894 984 1956 qur

449 1952 640 2031 gratissimum
652 1950 704 2009 sibi
718 1949 793 2035 esse,
804 1954 884 2032 quod
898 1956 984 2034 quierf
