2117 3984
228 460 292 550 ’λυ
308 465 514 548 Africum
529 481 619 551 err.
638 482 720 552 VII.
748 503 814 579 303

136 593 273 658 liberaris.
293 593 346 654 llle
361 593 432 653 mihi
448 594 555 655 litteras
572 597 690 658 blandas
709 603 817 661 mittit:

137 676 200 736 facit
225 677 306 735 idem
327 695 439 754 proco
461 675 567 736 Balbus
588 696 595 734 ε
617 680 685 737 mihi
705 698 817 742 certum

136 755 192 829 est,
211 756 248 816 ab
259 752 458 816 honestissima
469 755 607 816 sententia
620 759 740 839 digitum
750 759 817 819 nus·

187 849 239 896 m:
259 835 310 896 sed
325 834 377 894 scis
395 835 436 894 illi
455 837 597 916 reliquum
617 855 755 918 quantum
772 843 818 902 sit.

134 857 251 978 iii-sne
269 917 355 998 igitur
371 917 531 975 verendum
549 915 630 991 effe,
650 938 687 978 ne
702 935 749 979 aut
765 920 818 980 ob·

132 995 207 1076 jiciat
227 996 259 1056 id
275 995 361 1056 nobis
382 997 418 1055 ali
440 999 506 1069 uis,
526 998 550 1056 si
568 996 751 1079 languidius3
768 1015 819 1059 aut

133 1094 265 1158 repetat,
281 1079 304 1136 si
315 1017 440 1136 fortiusi
458 1075 543 1153 Quid
559 1076 596 1137 ad
609 1078 670 1137 haec
686 1080 820 1159 reperis?

134 1157 309 1230 solvamus,
327 1159 432 1237 inquis.
447 1156 534 1238 Age,
552 1179 568 1216 a
584 1156 684 1219 Coelio
705 1177 819 1220 mutua-

133 1238 233 1299 bimur.
254 1236 325 1296 Hoc
347 1254 379 1296 ru
406 1253 503 1297 tamen
530 1238 695 1299 consideres
716 1242 819 1301 velim.

134 1317 203 1380 Puto
221 1319 304 1379 enim
316 1361 326 1390 ,
338 1319 368 1376 in
386 1315 483 1376 senatu
503 1317 527 1375 si
567 1319 663 1379 uando
682 1322 819 1398 praeclard

133 1419 184 1480 pro
204 1398 357 1480 republicd
382 1396 511 1469 dixero,
531 1337 712 1459 'partenium
735 1399 819 1460 istum

135 1497 213 1540 num
229 1479 305 1539 mihi
325 1480 463 1552 exeunti,
484 1476 559 1538 Jube
579 1478 663 1538 sodes
682 1500 819 1543 nummos

134 1579 239 1622 curae.
260 1557 348 1638 Quid
371 1556 518 1639 superest?
539 1560 637 1632 etiam.
659 1556 761 1619 Gener
779 1557 820 1622 est

133 1639 223 1704 suavis
241 1641 316 1700 mihi
327 1685 336 1713 ,
349 1636 476 1711 Tuliiae,
490 1636 652 1699 Terentiae:
667 1658 821 1720 quantum-

133 1723 175 1783 vis
192 1721 245 1783 vel
271 1721 404 1802 ingenii,
429 1721 478 1780 vel
497 1718 708 1794 humanitatis,
729 1719 791 1781 satis
810 1741 819 1780 ε

133 1803 265 1884 aliqua,
302 1821 346 1861 uae
365 1797 438 1858 nosti
455 1844 465 1872 ,
484 1798 614 1860 ferenda.
637 1800 697 1859 Scis
716 1804 817 1875 enim,

131 1903 208 1964 quos
237 1903 256 1940 a
277 1880 459 1951 eruerimus:
486 1884 535 1960 qui
558 1899 689 1951 omnes,
713 1898 818 1961 praeter

131 1981 200 2024 eum
221 2007 231 2034 ,
311 1981 370 2040 quo
392 1978 444 2039 per
464 1976 493 2020 te
513 1964 646 2041 egimus,
667 1981 747 2020 reum
769 1980 819 2020 me

133 2039 282 2104 facerem:
299 2042 367 2122 ipsis
386 2042 465 2100 enim
482 2041 639 2119 expensum
659 2060 748 2100 nemo
764 2040 822 2100 fer·

133 2140 187 2182 ret.
208 2121 271 2182 Sed
293 2123 354 2180 haec
380 2119 498 2178 cotim:
521 2141 588 2178 nam
610 2120 692 2180 multi
712 2119 821 2179 sermo·

133 2199 264 2263 nissum.
283 2200 401 2261 Tironis
414 2197 562 2259 reficiendi
583 2199 647 2279 spes
666 2197 707 2257 est
724 2202 754 2259 in
767 2198 821 2260 Μ’.

135 2279 252 2356 Curio;
274 2285 320 2342 cui
339 2300 396 2361 ego
415 2279 537 2359 scripsi,
557 2283 610 2339 ribi
628 2300 694 2337 eum
715 2281 822 2361 gratis·

135 2365 240 2423 sirnmn
261 2362 409 2422 faciurum
436 2358 506 2420 Dat.
526 2380 550 2421 v
575 2359 619 2419 ld.
641 2358 823 2419 Decemb.a

132 2439 240 2504 'Pontio
261 2462 300 2503 ex
317 2440 497 2502 Trebulano.

251 2557 413 2621 Crcrno
441 2556 595 2618 Arrrco
622 2555 704 2619 Sus.

138 2637 467 2756 4Dromsruu,
486 2680 655 2761 flagrantem
677 2680 823 2745 desiderio

134 2759 202 2834 mi,
229 2762 298 2820 misi
323 2762 360 2819 ad
389 2780 418 2822 te
437 2803 448 2834 ,
469 2780 522 2820 nec
549 2760 712 2823 mehercule
736 2785 822 2843 aequo

132 2842 257 2913 unim03
275 2839 325 2900 sed
339 2841 392 2901 fuit
403 2841 638 2901 concedendum:
655 2863 741 2921 quem
754 2843 823 2919 qui·

139 2919 205 2981 dem
227 2941 264 2981 co
308 2924 359 2981 ovi
379 2941 477 3002 quum-
490 2920 606 2981 dodum
623 2965 633 2993 ,
652 2922 731 2999 quod
751 2919 823 2976 mihi

138 2997 197 3080 jam
215 3017 267 3063 ant
283 3011 286 3016 '
304 3019 366 3062 erar
379 3019 503 3076 notum,
521 3017 585 3063 tum
600 2998 823 3080 sanciumple-
