2117 3984
259 462 324 536 128
448 461 482 530 Ε
494 461 586 531 urs
603 479 746 533 roua

252 577 400 641 fortissimi
423 576 497 638 senis
520 577 565 657 Q.
588 577 721 640 Considii
741 573 928 638 discull'era't:
964 603 978 648 a

251 679 310 731 ea,
330 679 418 741 quam
444 659 576 738 quotidie
601 662 701 720 n'mere
722 676 930 738 potueramus,
965 657 978 724 ὲ

251 738 347 800 subito
367 756 468 800 exorta
486 737 536 800 est.
556 738 641 818 Quid
657 738 785 821 quaeris?
803 737 875 798 nihil
887 757 931 798 me
968 749 973 802 'r

251 819 472 891 infortunatus,
484 820 554 880 nihil
568 820 738 880 fortunatius
752 817 793 878 est
810 815 933 892 Catulo,
967 827 978 878 :²

252 921 344 981 quum
364 899 516 980 splendore
536 902 620 972 vitae,
638 920 700 961 tum
716 900 774 959 hoc
792 917 933 979 tempore.
970 927 978 964 r

254 979 319 1042 Nos
336 999 433 1041 tamen
449 980 492 1038 his
513 980 631 1041 miseriis
648 979 745 1041 mello
766 981 885 1053 animo,
904 979 934 1038 u
972 983 978 1044 ἰ

252 1061 373 1121 minime
394 1061 561 1141 perturbato
581 1061 697 1133 sumus3
718 1056 935 1119 honestissime·
966 1065 968 1072 '

252 1161 311 1222 que
334 1142 502 1223 dignitatern
525 1138 672 1213 nostram,
692 1142 723 1199 &
743 1140 852 1219 magnlr
870 1139 934 1198 curl
963 1213 966 1220 Ι

251 1241 377 1282 tuemur.
403 1220 559 1301 Pompeius
580 1222 616 1282 de
642 1219 751 1281 Clodio
777 1218 861 1297 jubet
882 1241 934 1280 noa

254 1301 312 1364 effe
328 1304 390 1363 sine
407 1323 495 1375 eura,
515 1302 547 1361 &
567 1300 707 1361 summam
726 1303 756 1359 in
775 1321 830 1360 nos
846 1300 935 1360 bene·

252 1384 415 1445 volentiam
442 1384 523 1442 omni
554 1384 685 1441 oratione
710 1379 863 1463 significat.
890 1377 935 1440 Te

254 1462 363 1525 habere
385 1463 571 1523 consiliorum
587 1461 753 1534 melotem,
772 1460 938 1521 sollicitudi⁴

253 1565 325 1605 num
353 1544 484 1616 socium,
509 1544 590 1604 omni
615 1545 644 1603 in
666 1563 700 1602 co
722 1543 842 1602 iratione
862 1562 936 1601 con-

254 1622 383 1702 junelum
398 1626 494 1703 cupio.
507 1622 629 1701 Quare,
648 1638 680 1682 ut
722 1620 845 1682 umestio
857 1641 938 1682 man·

255 1704 347 1777 davi,
366 1722 463 1763 tecum
481 1719 513 1761 ut
530 1721 648 1784 ageret,
663 1705 754 1775 item,
772 1720 859 1781 atque
878 1722 935 1774 eo,

255 1786 281 1845 si
304 1781 418 1865 potest,
440 1784 531 1841 acrius
549 1827 558 1853 ‚
577 1800 606 1842 te
627 1804 723 1865 rogo,
740 1799 772 1842 ut
790 1782 878 1861 plane
900 1781 936 1842 ad

253 1885 309 1924 uos
329 1863 459 1925 advoles.
477 1861 652 1943 Respiraro‚
669 1867 735 1923 site
755 1864 869 1923 videro.

363 1980 524 2044 Crcuno
554 1981 714 2044 Arrrco
742 1980 837 2060 Sur..¹

251 2114 301 2178 ας.
311 2065 387 2240 Qu
396 2119 453 2162 um
468 2101 593 2182 aliquem
607 2099 683 2180 apud
695 2116 724 2159 te
738 2099 857 2164 laudaro
871 2123 935 2166 ruo·

251 2199 316 2239 rum
343 2184 528 2255 miliarium,
538 2182 637 2242 volam
651 2181 730 2238 illum
743 2179 812 2240 scire
830 2204 868 2244 ex
883 2204 935 2259 re,

252 2280 301 2321 me
323 2263 353 2321 id
367 2262 483 2336 fecille;
504 2281 537 2323 ut
553 2282 645 2341 nuper
662 2280 709 2319 me
729 2258 780 2322 scis
800 2259 934 2346 scripsille

252 2342 291 2399 ad
314 2359 343 2402 te
370 2345 406 2404 de
432 2344 570 2403 Varronis
598 2361 666 2423 erga
695 2361 741 2400 me
764 2338 884 2417 offici03
905 2363 935 2408 te

252 2422 289 2481 ad
307 2442 356 2483 me
376 2423 564 2503 rescripsisse,
588 2442 653 2482 eam
668 2441 729 2479 rem
749 2418 866 2486 summae
882 2427 934 2488 tibi

149 2509 154 2516 '
252 2503 397 2583 voluptati
414 2504 489 2566 elle:
513 2504 562 2564 sed
577 2516 634 2583 e'go
656 2501 772 2560 mallem
794 2506 831 2564 ad
853 2506 934 2567 illurn

251 2580 430 2663 scripsiffes‚
457 2585 529 2644 mihi
556 2584 636 2643 illum
658 2581 817 2648 satisfacere
837 2606 847 2658 ;
872 2607 933 2647 non

252 2664 312 2743 qul>
336 2665 470 2737 faceret,
496 2664 546 2725 sed
567 2681 598 2722 ut
618 2662 735 2725 faceret.
759 2664 933 2730 Mirabiliter

252 2747 331 2803 enim
350 2748 485 2805 odoratus
504 2741 563 2811 est,
581 2744 653 2804 sicut
664 2740 755 2813 nosti,
775 2748 871 2808 inuri
884 2755 930 2808 nal

250 2824 315 2886 r’llr.
339 2824 397 2886 Sed
415 2846 467 2884 nos
487 2842 618 2883 tenemus
637 2842 812 2902 praeceptum
832 2825 903 2885 illud
923 2870 934 2898 ‚

252 2904 301 2967 τοὶς
320 2910 369 2964 τὸν
382 2902 537 2982 κμτεῖντων.
562 2903 604 2961 At
622 2902 761 2974 hercule,
779 2905 850 2965 alter
869 2923 934 2968 tuus

249 2978 393 3046 familiaris
415 2982 579 3057 Hortalus,
605 2983 692 3062 quam
710 2984 797 3063 plena
816 3006 903 3050 manu
922 3029 933 3060 ,
