<?xml version="1.0" encoding="UTF-8"?>
<!DOCTYPE html PUBLIC "-//W3C//DTD XHTML 1.0 Transitional//EN"
    "http://www.w3.org/TR/xhtml1/DTD/xhtml1-transitional.dtd">
<html xmlns="http://www.w3.org/1999/xhtml" xml:lang="en" lang="en">
 <head>
  <title>
</title>
<meta http-equiv="Content-Type" content="text/html;charset=utf-8" />
  <meta name='ocr-system' content='tesseract 3.04.00' />
  <meta name='ocr-capabilities' content='ocr_page ocr_carea ocr_par ocr_line ocrx_word'/>
</head>
<body>
  <div class='ocr_page' id='page_1' title='image "./mtulliiciceroni03lallgoog_0274.png"; bbox 0 0 2117 3984; ppageno 0'>
   <div class='ocr_carea' id='block_1_1' title="bbox 247 475 820 570">
    <p class='ocr_par' dir='ltr' id='par_1_1' title="bbox 247 475 820 570">
     <span class='ocr_line' id='line_1_1' title="bbox 247 475 820 570; baseline -0.005 -19"><span class='ocrx_word' id='word_1_1' title='bbox 247 499 309 551; x_wconf 73' lang='lat' dir='ltr'>Ar&gt;</span> <span class='ocrx_word' id='word_1_2' title='bbox 328 482 527 550; x_wconf 79' lang='lat' dir='ltr'>Arrrcurr</span> <span class='ocrx_word' id='word_1_3' title='bbox 547 478 635 548; x_wconf 83' lang='lat' dir='ltr'>err.</span> <span class='ocrx_word' id='word_1_4' title='bbox 659 475 720 546; x_wconf 87' lang='lat' dir='ltr'>VI.</span> <span class='ocrx_word' id='word_1_5' title='bbox 750 477 820 570; x_wconf 88' lang='lat'>267</span> 
     </span>
    </p>
   </div>
   <div class='ocr_carea' id='block_1_2' title="bbox 133 594 897 3166">
    <p class='ocr_par' dir='ltr' id='par_1_2' title="bbox 133 594 854 1397">
     <span class='ocr_line' id='line_1_2' title="bbox 133 594 823 672; baseline -0.013 -11"><span class='ocrx_word' id='word_1_6' title='bbox 133 596 287 672; x_wconf 62' lang='grc' dir='ltr'>θ’πιῖπμις</span> <span class='ocrx_word' id='word_1_7' title='bbox 307 594 449 659; x_wconf 68' lang='lat' dir='ltr'>zace&#39;nru.</span> <span class='ocrx_word' id='word_1_8' title='bbox 460 594 519 656; x_wconf 87' lang='lat' dir='ltr'>Sed</span> <span class='ocrx_word' id='word_1_9' title='bbox 528 595 585 655; x_wconf 89' lang='lat' dir='ltr'>hoc</span> <span class='ocrx_word' id='word_1_10' title='bbox 596 596 733 656; x_wconf 75' lang='lat' dir='ltr'>continuo</span> <span class='ocrx_word' id='word_1_11' title='bbox 751 613 823 654; x_wconf 90' lang='lat' dir='ltr'>cor·</span> 
     </span>
     <span class='ocr_line' id='line_1_3' title="bbox 136 674 823 750; baseline -0.006 -12"><span class='ocrx_word' id='word_1_12' title='bbox 136 680 275 740; x_wconf 77' lang='lat' dir='ltr'>reximus.</span> <span class='ocrx_word' id='word_1_13' title='bbox 287 677 393 736; x_wconf 81' lang='lat' dir='ltr'>Laerari</span> <span class='ocrx_word' id='word_1_14' title='bbox 408 692 438 735; x_wconf 85' lang='lat' dir='ltr'>te</span> <span class='ocrx_word' id='word_1_15' title='bbox 461 675 556 750; x_wconf 69' lang='lat' dir='ltr'>nostri</span> <span class='ocrx_word' id='word_1_16' title='bbox 575 674 823 736; x_wconf 79' lang='lat' dir='ltr'>moderatione&amp;</span> 
     </span>
     <span class='ocr_line' id='line_1_4' title="bbox 134 747 824 838; baseline -0.007 -18"><span class='ocrx_word' id='word_1_17' title='bbox 134 757 318 820; x_wconf 61' lang='lat' dir='ltr'>coutinentia</span> <span class='ocrx_word' id='word_1_18' title='bbox 334 756 424 818; x_wconf 86' lang='lat' dir='ltr'>video</span> <span class='ocrx_word' id='word_1_19' title='bbox 435 777 444 830; x_wconf 89' lang='lat'>;</span> <span class='ocrx_word' id='word_1_20' title='bbox 455 747 518 817; x_wconf 78' lang='lat' dir='ltr'>aum</span> <span class='ocrx_word' id='word_1_21' title='bbox 529 756 561 816; x_wconf 88' lang='lat' dir='ltr'>id</span> <span class='ocrx_word' id='word_1_22' title='bbox 580 758 675 838; x_wconf 81' lang='lat' dir='ltr'>magis</span> <span class='ocrx_word' id='word_1_23' title='bbox 689 754 798 816; x_wconf 86' lang='lat' dir='ltr'>faceres</span> <span class='ocrx_word' id='word_1_24' title='bbox 809 767 824 828; x_wconf 88' lang='lat'>‚&#39;</span> 
     </span>
     <span class='ocr_line' id='line_1_5' title="bbox 136 833 824 918; baseline -0.009 -18"><span class='ocrx_word' id='word_1_25' title='bbox 136 833 290 900; x_wconf 80' lang='lat' dir='ltr'>siadcffes</span> <span class='ocrx_word' id='word_1_26' title='bbox 306 857 319 914; x_wconf 73' lang='lat'>5</span> <span class='ocrx_word' id='word_1_27' title='bbox 338 854 422 918; x_wconf 84' lang='lat' dir='ltr'>atque</span> <span class='ocrx_word' id='word_1_28' title='bbox 441 837 497 898; x_wconf 90' lang='lat' dir='ltr'>hoc</span> <span class='ocrx_word' id='word_1_29' title='bbox 513 836 598 907; x_wconf 83' lang='lat' dir='ltr'>foro,</span> <span class='ocrx_word' id='word_1_30' title='bbox 613 836 693 917; x_wconf 91' lang='lat' dir='ltr'>quod</span> <span class='ocrx_word' id='word_1_31' title='bbox 717 837 764 917; x_wconf 84' lang='lat' dir='ltr'>egi</span> <span class='ocrx_word' id='word_1_32' title='bbox 786 855 824 895; x_wconf 83' lang='lat' dir='ltr'>ex</span> 
     </span>
     <span class='ocr_line' id='line_1_6' title="bbox 134 916 825 982; baseline -0.009 -2"><span class='ocrx_word' id='word_1_33' title='bbox 134 917 234 982; x_wconf 85' lang='lat' dir='ltr'>Idibus</span> <span class='ocrx_word' id='word_1_34' title='bbox 245 917 333 978; x_wconf 84' lang='lat' dir='ltr'>Febr.</span> <span class='ocrx_word' id='word_1_35' title='bbox 350 917 501 979; x_wconf 71' lang='lat' dir='ltr'>Laodiceae</span> <span class='ocrx_word' id='word_1_36' title='bbox 511 919 549 977; x_wconf 84' lang='lat' dir='ltr'>ad</span> <span class='ocrx_word' id='word_1_37' title='bbox 563 916 629 977; x_wconf 87' lang='lat' dir='ltr'>Kal.</span> <span class='ocrx_word' id='word_1_38' title='bbox 642 916 735 976; x_wconf 85' lang='lat' dir='ltr'>Maias</span> <span class='ocrx_word' id='word_1_39' title='bbox 757 935 825 974; x_wconf 84' lang='lat' dir='ltr'>onr-</span> 
     </span>
     <span class='ocr_line' id='line_1_7' title="bbox 135 995 827 1079; baseline -0.012 -17"><span class='ocrx_word' id='word_1_40' title='bbox 135 1003 216 1062; x_wconf 84' lang='lat' dir='ltr'>nium</span> <span class='ocrx_word' id='word_1_41' title='bbox 230 999 425 1072; x_wconf 85' lang='lat' dir='ltr'>dioecesium,</span> <span class='ocrx_word' id='word_1_42' title='bbox 439 1016 542 1079; x_wconf 84' lang='lat' dir='ltr'>praeter</span> <span class='ocrx_word' id='word_1_43' title='bbox 559 995 691 1072; x_wconf 84' lang='lat' dir='ltr'>Ciliciae,</span> <span class='ocrx_word' id='word_1_44' title='bbox 709 995 827 1056; x_wconf 88' lang='lat' dir='ltr'>mirabi-</span> 
     </span>
     <span class='ocr_line' id='line_1_8' title="bbox 135 1077 824 1162; baseline -0.01 -20"><span class='ocrx_word' id='word_1_45' title='bbox 135 1081 172 1142; x_wconf 83' lang='lat' dir='ltr'>lia</span> <span class='ocrx_word' id='word_1_46' title='bbox 186 1079 324 1162; x_wconf 64' lang='lat' dir='ltr'>praedam</span> <span class='ocrx_word' id='word_1_47' title='bbox 339 1077 486 1140; x_wconf 81' lang='lat' dir='ltr'>effecimus</span> <span class='ocrx_word' id='word_1_48' title='bbox 502 1100 509 1139; x_wconf 90' lang='lat'><strong>:</strong></span> <span class='ocrx_word' id='word_1_49' title='bbox 526 1081 565 1139; x_wconf 85' lang='lat' dir='ltr'>ira</span> <span class='ocrx_word' id='word_1_50' title='bbox 581 1078 677 1139; x_wconf 81' lang='lat' dir='ltr'>multae</span> <span class='ocrx_word' id='word_1_51' title='bbox 693 1079 824 1138; x_wconf 82' lang='lat' dir='ltr'>civitates</span> 
     </span>
     <span class='ocr_line' id='line_1_9' title="bbox 135 1156 854 1233; baseline -0.01 -9"><span class='ocrx_word' id='word_1_52' title='bbox 135 1163 218 1224; x_wconf 86' lang='lat' dir='ltr'>omni</span> <span class='ocrx_word' id='word_1_53' title='bbox 238 1179 298 1221; x_wconf 79' lang='lat' dir='ltr'>aere</span> <span class='ocrx_word' id='word_1_54' title='bbox 323 1161 418 1221; x_wconf 86' lang='lat' dir='ltr'>alieno</span> <span class='ocrx_word' id='word_1_55' title='bbox 446 1159 593 1233; x_wconf 80' lang='lat' dir='ltr'>liberatae,</span> <span class='ocrx_word' id='word_1_56' title='bbox 614 1159 712 1220; x_wconf 88' lang='lat' dir='ltr'>multae</span> <span class='ocrx_word' id='word_1_57' title='bbox 737 1156 825 1217; x_wconf 86' lang='lat' dir='ltr'>valde</span> <span class='ocrx_word' id='word_1_58' title='bbox 852 1190 854 1195; x_wconf 95' lang='lat'>·</span> 
     </span>
     <span class='ocr_line' id='line_1_10' title="bbox 136 1235 826 1320; baseline -0.009 -18"><span class='ocrx_word' id='word_1_59' title='bbox 136 1242 240 1304; x_wconf 70' lang='lat' dir='ltr'>levare</span> <span class='ocrx_word' id='word_1_60' title='bbox 261 1239 327 1300; x_wconf 84' lang='lat' dir='ltr'>sunt</span> <span class='ocrx_word' id='word_1_61' title='bbox 345 1260 353 1299; x_wconf 76' lang='grc' dir='ltr'><strong><em>ε</em></strong></span> <span class='ocrx_word' id='word_1_62' title='bbox 372 1260 476 1300; x_wconf 82' lang='lat' dir='ltr'>ornnes</span> <span class='ocrx_word' id='word_1_63' title='bbox 494 1238 549 1300; x_wconf 87' lang='lat' dir='ltr'>suis</span> <span class='ocrx_word' id='word_1_64' title='bbox 567 1239 678 1320; x_wconf 82' lang='lat' dir='ltr'>legibus</span> <span class='ocrx_word' id='word_1_65' title='bbox 698 1238 729 1298; x_wconf 86' lang='lat'>&amp;</span> <span class='ocrx_word' id='word_1_66' title='bbox 750 1235 826 1316; x_wconf 85' lang='lat' dir='ltr'>judi-</span> 
     </span>
     <span class='ocr_line' id='line_1_11' title="bbox 137 1317 826 1397; baseline -0.006 -13"><span class='ocrx_word' id='word_1_67' title='bbox 137 1323 187 1384; x_wconf 60' lang='grc' dir='ltr'>ὤ</span> <span class='ocrx_word' id='word_1_68' title='bbox 195 1319 254 1382; x_wconf 76' lang='lat' dir='ltr'>usae</span> <span class='ocrx_word' id='word_1_69' title='bbox 264 1365 275 1394; x_wconf 91' lang='lat'>,</span> <span class='ocrx_word' id='word_1_70' title='bbox 286 1323 443 1397; x_wconf 68' lang='lat' dir='ltr'>adroropler</span> <span class='ocrx_word' id='word_1_71' title='bbox 454 1320 509 1382; x_wconf 70' lang='lat' dir='ltr'>ade</span> <span class='ocrx_word' id='word_1_72' title='bbox 531 1337 567 1378; x_wconf 71' lang='grc' dir='ltr'>τε</span> <span class='ocrx_word' id='word_1_73' title='bbox 584 1322 758 1380; x_wconf 78' lang='lat' dir='ltr'>revixerunt.</span> <span class='ocrx_word' id='word_1_74' title='bbox 769 1317 826 1380; x_wconf 74' lang='lat' dir='ltr'>His</span> 
     </span>
    </p>

    <p class='ocr_par' dir='ltr' id='par_1_3' title="bbox 139 1341 897 3149">
     <span class='ocr_line' id='line_1_12' title="bbox 211 1341 827 1480; baseline -0.005 -18"><span class='ocrx_word' id='word_1_75' title='bbox 211 1400 329 1462; x_wconf 83' lang='lat' dir='ltr'>duobus</span> <span class='ocrx_word' id='word_1_76' title='bbox 338 1399 490 1480; x_wconf 80' lang='lat' dir='ltr'>generibus</span> <span class='ocrx_word' id='word_1_77' title='bbox 502 1341 668 1462; x_wconf 73' lang='lat' dir='ltr'>deultatem</span> <span class='ocrx_word' id='word_1_78' title='bbox 678 1399 715 1459; x_wconf 88' lang='lat' dir='ltr'>ad</span> <span class='ocrx_word' id='word_1_79' title='bbox 729 1397 757 1458; x_wconf 86' lang='lat' dir='ltr'>se</span> <span class='ocrx_word' id='word_1_80' title='bbox 768 1418 827 1459; x_wconf 83' lang='lat' dir='ltr'>aere</span> 
     </span>
     <span class='ocr_line' id='line_1_13' title="bbox 141 1480 825 1553; baseline -0.004 -13"><span class='ocrx_word' id='word_1_81' title='bbox 141 1503 160 1540; x_wconf 85' lang='lat' dir='ltr'>a</span> <span class='ocrx_word' id='word_1_82' title='bbox 242 1480 426 1553; x_wconf 85' lang='lat' dir='ltr'>liberandas,</span> <span class='ocrx_word' id='word_1_83' title='bbox 437 1498 486 1541; x_wconf 86' lang='lat' dir='ltr'>aut</span> <span class='ocrx_word' id='word_1_84' title='bbox 499 1480 636 1542; x_wconf 83' lang='lat' dir='ltr'>levandas</span> <span class='ocrx_word' id='word_1_85' title='bbox 644 1480 732 1552; x_wconf 89' lang='lat' dir='ltr'>dedi;</span> <span class='ocrx_word' id='word_1_86' title='bbox 744 1495 825 1553; x_wconf 87' lang='lat' dir='ltr'>uno,</span> 
     </span>
     <span class='ocr_line' id='line_1_14' title="bbox 160 1560 827 1641; baseline -0.007 -19"><span class='ocrx_word' id='word_1_87' title='bbox 160 1561 218 1622; x_wconf 75' lang='lat' dir='ltr'>&#39;bd</span> <span class='ocrx_word' id='word_1_88' title='bbox 245 1563 372 1622; x_wconf 89' lang='lat' dir='ltr'>omnino</span> <span class='ocrx_word' id='word_1_89' title='bbox 404 1560 497 1622; x_wconf 84' lang='lat' dir='ltr'>nullus</span> <span class='ocrx_word' id='word_1_90' title='bbox 533 1563 563 1620; x_wconf 90' lang='lat' dir='ltr'>in</span> <span class='ocrx_word' id='word_1_91' title='bbox 596 1562 720 1641; x_wconf 86' lang='lat' dir='ltr'>imperio</span> <span class='ocrx_word' id='word_1_92' title='bbox 755 1577 827 1620; x_wconf 86' lang='lat' dir='ltr'>meo</span> 
     </span>
     <span class='ocr_line' id='line_1_15' title="bbox 140 1581 828 1724; baseline -0.006 -22"><span class='ocrx_word' id='word_1_93' title='bbox 140 1581 268 1724; x_wconf 64' lang='lat' dir='ltr'>drumptus</span> <span class='ocrx_word' id='word_1_94' title='bbox 285 1639 377 1708; x_wconf 72' lang='lat' dir='ltr'>fadus</span> <span class='ocrx_word' id='word_1_95' title='bbox 400 1639 441 1700; x_wconf 90' lang='lat' dir='ltr'>est</span> <span class='ocrx_word' id='word_1_96' title='bbox 459 1663 467 1701; x_wconf 74' lang='grc' dir='ltr'>ε</span> <span class='ocrx_word' id='word_1_97' title='bbox 485 1640 597 1702; x_wconf 88' lang='lat' dir='ltr'>nullum</span> <span class='ocrx_word' id='word_1_98' title='bbox 616 1663 705 1722; x_wconf 89' lang='lat' dir='ltr'>quum</span> <span class='ocrx_word' id='word_1_99' title='bbox 733 1637 799 1699; x_wconf 91' lang='lat' dir='ltr'>dico</span> <span class='ocrx_word' id='word_1_100' title='bbox 817 1683 828 1714; x_wconf 91' lang='lat'>,</span> 
     </span>
     <span class='ocr_line' id='line_1_16' title="bbox 140 1720 828 1804; baseline -0.007 -20"><span class='ocrx_word' id='word_1_101' title='bbox 140 1741 199 1784; x_wconf 85' lang='lat' dir='ltr'>uon</span> <span class='ocrx_word' id='word_1_102' title='bbox 214 1723 323 1804; x_wconf 87' lang='lat' dir='ltr'>loquor</span> <span class='ocrx_word' id='word_1_103' title='bbox 343 1720 515 1795; x_wconf 67' lang='grc' dir='ltr'>ὅπιρζολικὸς</span> <span class='ocrx_word' id='word_1_104' title='bbox 533 1742 540 1780; x_wconf 93' lang='lat'>:</span> <span class='ocrx_word' id='word_1_105' title='bbox 562 1721 655 1782; x_wconf 85' lang='lat' dir='ltr'>nullus</span> <span class='ocrx_word' id='word_1_106' title='bbox 665 1767 675 1796; x_wconf 91' lang='lat'>‚</span> <span class='ocrx_word' id='word_1_107' title='bbox 686 1722 828 1802; x_wconf 88' lang='lat' dir='ltr'>inquam,</span> 
     </span>
     <span class='ocr_line' id='line_1_17' title="bbox 139 1799 826 1880; baseline -0.009 -14"><span class='ocrx_word' id='word_1_108' title='bbox 139 1804 336 1866; x_wconf 74' lang='lat' dir='ltr'>rae-teruntios</span> <span class='ocrx_word' id='word_1_109' title='bbox 357 1799 499 1880; x_wconf 87' lang='lat' dir='ltr'>quidem:</span> <span class='ocrx_word' id='word_1_110' title='bbox 521 1802 575 1861; x_wconf 83' lang='lat' dir='ltr'>hac</span> <span class='ocrx_word' id='word_1_111' title='bbox 603 1821 700 1863; x_wconf 88' lang='lat' dir='ltr'>autern</span> <span class='ocrx_word' id='word_1_112' title='bbox 725 1821 756 1861; x_wconf 89' lang='lat' dir='ltr'>re</span> <span class='ocrx_word' id='word_1_113' title='bbox 780 1803 826 1860; x_wconf 87' lang='lat' dir='ltr'>in-</span> 
     </span>
     <span class='ocr_line' id='line_1_18' title="bbox 141 1879 831 1960; baseline -0.003 -15"><span class='ocrx_word' id='word_1_114' title='bbox 141 1885 280 1946; x_wconf 74' lang='lat' dir='ltr'>credibile</span> <span class='ocrx_word' id='word_1_115' title='bbox 292 1879 335 1944; x_wconf 86' lang='lat' dir='ltr'>est</span> <span class='ocrx_word' id='word_1_116' title='bbox 352 1899 489 1960; x_wconf 82' lang='lat' dir='ltr'>quantum</span> <span class='ocrx_word' id='word_1_117' title='bbox 503 1885 632 1944; x_wconf 88' lang='lat' dir='ltr'>civitates</span> <span class='ocrx_word' id='word_1_118' title='bbox 649 1880 831 1945; x_wconf 87' lang='lat' dir='ltr'>emerserint.</span> 
     </span>
     <span class='ocr_line' id='line_1_19' title="bbox 141 1963 826 2026; baseline -0.006 0"><span class='ocrx_word' id='word_1_119' title='bbox 141 1963 274 2026; x_wconf 70' lang='lat' dir='ltr'>Accessit</span> <span class='ocrx_word' id='word_1_120' title='bbox 289 1963 401 2024; x_wconf 76' lang='lat' dir='ltr'>altera:</span> <span class='ocrx_word' id='word_1_121' title='bbox 422 1963 495 2021; x_wconf 88' lang='lat' dir='ltr'>mira</span> <span class='ocrx_word' id='word_1_122' title='bbox 508 1981 594 2024; x_wconf 80' lang='lat' dir='ltr'>erant</span> <span class='ocrx_word' id='word_1_123' title='bbox 614 1966 644 2022; x_wconf 90' lang='lat' dir='ltr'>in</span> <span class='ocrx_word' id='word_1_124' title='bbox 664 1965 826 2024; x_wconf 85' lang='lat' dir='ltr'>civitatibus</span> 
     </span>
     <span class='ocr_line' id='line_1_20' title="bbox 140 2040 829 2126; baseline -0.004 -22"><span class='ocrx_word' id='word_1_125' title='bbox 140 2043 269 2126; x_wconf 83' lang='lat' dir='ltr'>ipsorum</span> <span class='ocrx_word' id='word_1_126' title='bbox 286 2041 363 2104; x_wconf 78' lang='lat' dir='ltr'>firrta</span> <span class='ocrx_word' id='word_1_127' title='bbox 382 2040 575 2116; x_wconf 85' lang='lat' dir='ltr'>Graecorum,</span> <span class='ocrx_word' id='word_1_128' title='bbox 613 2066 656 2103; x_wconf 86' lang='lat' dir='ltr'>uae</span> <span class='ocrx_word' id='word_1_129' title='bbox 676 2042 829 2125; x_wconf 80' lang='lat' dir='ltr'>magistra·-</span> 
     </span>
     <span class='ocr_line' id='line_1_21' title="bbox 144 2063 830 2204; baseline -0.004 -18"><span class='ocrx_word' id='word_1_130' title='bbox 144 2141 190 2186; x_wconf 71' lang='grc' dir='ltr'>ω</span> <span class='ocrx_word' id='word_1_131' title='bbox 204 2125 245 2188; x_wconf 81' lang='lat' dir='ltr'>sui</span> <span class='ocrx_word' id='word_1_132' title='bbox 261 2122 414 2185; x_wconf 83' lang='lat' dir='ltr'>fecerant:</span> <span class='ocrx_word' id='word_1_133' title='bbox 434 2126 552 2204; x_wconf 79' lang='lat' dir='ltr'>quaesivi</span> <span class='ocrx_word' id='word_1_134' title='bbox 568 2063 627 2203; x_wconf 60' lang='lat' dir='ltr'>ipde</span> <span class='ocrx_word' id='word_1_135' title='bbox 647 2122 683 2183; x_wconf 89' lang='lat' dir='ltr'>de</span> <span class='ocrx_word' id='word_1_136' title='bbox 703 2125 755 2196; x_wconf 87' lang='lat' dir='ltr'>iis,</span> <span class='ocrx_word' id='word_1_137' title='bbox 818 2126 830 2183; x_wconf 92' lang='lat' dir='ltr'>i</span> 
     </span>
     <span class='ocr_line' id='line_1_22' title="bbox 148 2144 829 2284; baseline -0.001 -20"><span class='ocrx_word' id='word_1_138' title='bbox 148 2207 225 2268; x_wconf 70' lang='lat' dir='ltr'>mnis</span> <span class='ocrx_word' id='word_1_139' title='bbox 243 2206 349 2267; x_wconf 88' lang='lat' dir='ltr'>decern</span> <span class='ocrx_word' id='word_1_140' title='bbox 366 2204 510 2283; x_wconf 80' lang='lat' dir='ltr'>proximis·</span> <span class='ocrx_word' id='word_1_141' title='bbox 525 2202 719 2284; x_wconf 82' lang='lat' dir='ltr'>magistratum</span> <span class='ocrx_word' id='word_1_142' title='bbox 738 2144 829 2283; x_wconf 67' lang='lat' dir='ltr'>gedd-</span> 
     </span>
     <span class='ocr_line' id='line_1_23' title="bbox 143 2281 830 2366; baseline -0.006 -20"><span class='ocrx_word' id='word_1_143' title='bbox 143 2303 230 2348; x_wconf 82' lang='lat' dir='ltr'>raut:</span> <span class='ocrx_word' id='word_1_144' title='bbox 248 2285 348 2366; x_wconf 71' lang='lat' dir='ltr'>aperte</span> <span class='ocrx_word' id='word_1_145' title='bbox 365 2284 527 2345; x_wconf 86' lang='lat' dir='ltr'>fatebantur</span> <span class='ocrx_word' id='word_1_146' title='bbox 547 2305 555 2344; x_wconf 88' lang='lat'>:</span> <span class='ocrx_word' id='word_1_147' title='bbox 574 2287 669 2363; x_wconf 90' lang='lat' dir='ltr'>itaque</span> <span class='ocrx_word' id='word_1_148' title='bbox 690 2285 752 2342; x_wconf 80' lang='lat' dir='ltr'>sine</span> <span class='ocrx_word' id='word_1_149' title='bbox 771 2281 830 2342; x_wconf 86' lang='lat' dir='ltr'>ulla</span> 
     </span>
     <span class='ocr_line' id='line_1_24' title="bbox 142 2362 829 2450; baseline -0.007 -22"><span class='ocrx_word' id='word_1_150' title='bbox 142 2367 302 2450; x_wconf 76' lang='lat' dir='ltr'>ignominia</span> <span class='ocrx_word' id='word_1_151' title='bbox 322 2365 377 2426; x_wconf 90' lang='lat' dir='ltr'>suis</span> <span class='ocrx_word' id='word_1_152' title='bbox 400 2364 525 2425; x_wconf 88' lang='lat' dir='ltr'>humeris</span> <span class='ocrx_word' id='word_1_153' title='bbox 549 2366 686 2445; x_wconf 87' lang='lat' dir='ltr'>pecunias</span> <span class='ocrx_word' id='word_1_154' title='bbox 712 2362 829 2442; x_wconf 89' lang='lat' dir='ltr'>populis</span> 
     </span>
     <span class='ocr_line' id='line_1_25' title="bbox 142 2444 831 2526; baseline -0.006 -18"><span class='ocrx_word' id='word_1_155' title='bbox 142 2447 311 2508; x_wconf 73' lang='lat' dir='ltr'>tenderunt·</span> <span class='ocrx_word' id='word_1_156' title='bbox 322 2444 426 2526; x_wconf 89' lang='lat' dir='ltr'>Populi</span> <span class='ocrx_word' id='word_1_157' title='bbox 435 2462 543 2517; x_wconf 85' lang='lat' dir='ltr'>autem,</span> <span class='ocrx_word' id='word_1_158' title='bbox 551 2445 631 2505; x_wconf 91' lang='lat' dir='ltr'>nullo</span> <span class='ocrx_word' id='word_1_159' title='bbox 641 2446 759 2526; x_wconf 81' lang='lat' dir='ltr'>gemitu,</span> <span class='ocrx_word' id='word_1_160' title='bbox 771 2465 831 2524; x_wconf 92' lang='lat' dir='ltr'>pu-</span> 
     </span>
     <span class='ocr_line' id='line_1_26' title="bbox 141 2523 895 2608; baseline -0.005 -20"><span class='ocrx_word' id='word_1_161' title='bbox 141 2525 284 2602; x_wconf 74' lang='lat' dir='ltr'>blicanis,</span> <span class='ocrx_word' id='word_1_162' title='bbox 303 2527 407 2608; x_wconf 88' lang='lat' dir='ltr'>quibus</span> <span class='ocrx_word' id='word_1_163' title='bbox 428 2525 485 2586; x_wconf 83' lang='lat' dir='ltr'>hoc</span> <span class='ocrx_word' id='word_1_164' title='bbox 500 2525 563 2606; x_wconf 91' lang='lat' dir='ltr'>ipso</span> <span class='ocrx_word' id='word_1_165' title='bbox 582 2524 668 2586; x_wconf 89' lang='lat' dir='ltr'>lustro</span> <span class='ocrx_word' id='word_1_166' title='bbox 686 2525 756 2585; x_wconf 92' lang='lat' dir='ltr'>nihil</span> <span class='ocrx_word' id='word_1_167' title='bbox 774 2523 831 2585; x_wconf 90' lang='lat' dir='ltr'>sol·</span> <span class='ocrx_word' id='word_1_168' title='bbox 893 2593 895 2598; x_wconf 22' lang='lat'>¹</span> 
     </span>
     <span class='ocr_line' id='line_1_27' title="bbox 142 2601 897 2685; baseline 0 -17"><span class='ocrx_word' id='word_1_169' title='bbox 142 2625 267 2683; x_wconf 81' lang='lat' dir='ltr'>verant,</span> <span class='ocrx_word' id='word_1_170' title='bbox 277 2610 366 2668; x_wconf 85' lang='lat' dir='ltr'>etiarn</span> <span class='ocrx_word' id='word_1_171' title='bbox 375 2605 526 2685; x_wconf 86' lang='lat' dir='ltr'>superioris</span> <span class='ocrx_word' id='word_1_172' title='bbox 539 2604 616 2666; x_wconf 83' lang='lat' dir='ltr'>lustri</span> <span class='ocrx_word' id='word_1_173' title='bbox 631 2605 830 2678; x_wconf 87' lang='lat' dir='ltr'>reddiderunt.</span> <span class='ocrx_word' id='word_1_174' title='bbox 894 2601 897 2608; x_wconf 71' lang='grc'>’</span> 
     </span>
     <span class='ocr_line' id='line_1_28' title="bbox 142 2685 831 2770; baseline 0 -20"><span class='ocrx_word' id='word_1_175' title='bbox 142 2687 243 2770; x_wconf 82' lang='lat' dir='ltr'>ltaque</span> <span class='ocrx_word' id='word_1_176' title='bbox 264 2687 428 2770; x_wconf 74' lang='lat' dir='ltr'>publicanis</span> <span class='ocrx_word' id='word_1_177' title='bbox 436 2689 466 2746; x_wconf 93' lang='lat' dir='ltr'>in</span> <span class='ocrx_word' id='word_1_178' title='bbox 484 2688 574 2748; x_wconf 86' lang='lat' dir='ltr'>oculis</span> <span class='ocrx_word' id='word_1_179' title='bbox 588 2686 689 2746; x_wconf 87' lang='lat' dir='ltr'>sumus.</span> <span class='ocrx_word' id='word_1_180' title='bbox 708 2685 831 2763; x_wconf 82' lang='lat' dir='ltr'>Gratis,</span> 
     </span>
     <span class='ocr_line' id='line_1_29' title="bbox 144 2765 832 2845; baseline -0.003 -15"><span class='ocrx_word' id='word_1_181' title='bbox 144 2769 173 2830; x_wconf 84' lang='lat' dir='ltr'>ia</span> <span class='ocrx_word' id='word_1_182' title='bbox 214 2771 221 2785; x_wconf 89' lang='lat'>&#39;</span> <span class='ocrx_word' id='word_1_183' title='bbox 248 2771 360 2840; x_wconf 66' lang='lat' dir='ltr'>,virio</span> <span class='ocrx_word' id='word_1_184' title='bbox 384 2767 540 2828; x_wconf 85' lang='lat' dir='ltr'>Sensimus.</span> <span class='ocrx_word' id='word_1_185' title='bbox 566 2766 630 2827; x_wconf 88' lang='lat' dir='ltr'>Jarn</span> <span class='ocrx_word' id='word_1_186' title='bbox 659 2784 754 2830; x_wconf 84' lang='lat' dir='ltr'>cetera</span> <span class='ocrx_word' id='word_1_187' title='bbox 779 2765 832 2845; x_wconf 83' lang='lat' dir='ltr'>ju-</span> 
     </span>
     <span class='ocr_line' id='line_1_30' title="bbox 146 2791 832 2929; baseline -0.009 -17"><span class='ocrx_word' id='word_1_188' title='bbox 146 2791 267 2912; x_wconf 57' lang='lat' dir='ltr'>riddiddo</span> <span class='ocrx_word' id='word_1_189' title='bbox 297 2869 352 2910; x_wconf 89' lang='lat' dir='ltr'>nec</span> <span class='ocrx_word' id='word_1_190' title='bbox 375 2850 528 2929; x_wconf 85' lang='lat' dir='ltr'>imperita,</span> <span class='ocrx_word' id='word_1_191' title='bbox 549 2848 580 2907; x_wconf 76' lang='lat'>8&lt;</span> <span class='ocrx_word' id='word_1_192' title='bbox 609 2848 736 2909; x_wconf 90' lang='lat' dir='ltr'>clemens</span> <span class='ocrx_word' id='word_1_193' title='bbox 762 2867 832 2907; x_wconf 87' lang='lat' dir='ltr'>cum</span> 
     </span>
     <span class='ocr_line' id='line_1_31' title="bbox 144 2926 831 2992; baseline -0.004 -2"><span class='ocrx_word' id='word_1_194' title='bbox 144 2929 305 2991; x_wconf 76' lang='lat' dir='ltr'>admirabili</span> <span class='ocrx_word' id='word_1_195' title='bbox 321 2929 467 2990; x_wconf 83' lang='lat' dir='ltr'>facilitate.</span> <span class='ocrx_word' id='word_1_196' title='bbox 483 2928 589 2990; x_wconf 82' lang='lat' dir='ltr'>Aditus</span> <span class='ocrx_word' id='word_1_197' title='bbox 606 2948 703 2992; x_wconf 88' lang='lat' dir='ltr'>autem</span> <span class='ocrx_word' id='word_1_198' title='bbox 722 2926 760 2986; x_wconf 86' lang='lat' dir='ltr'>ad</span> <span class='ocrx_word' id='word_1_199' title='bbox 780 2945 831 2987; x_wconf 87' lang='lat' dir='ltr'>me</span> 
     </span>
     <span class='ocr_line' id='line_1_32' title="bbox 146 3006 834 3149; baseline -0.009 -77"><span class='ocrx_word' id='word_1_200' title='bbox 146 3012 266 3074; x_wconf 67' lang='lat' dir='ltr'>mininie</span> <span class='ocrx_word' id='word_1_201' title='bbox 282 3011 475 3094; x_wconf 79' lang='lat' dir='ltr'>provinciales</span> <span class='ocrx_word' id='word_1_202' title='bbox 494 3031 503 3071; x_wconf 78' lang='grc' dir='ltr'><strong><em>ε</em></strong></span> <span class='ocrx_word' id='word_1_203' title='bbox 522 3011 593 3073; x_wconf 88' lang='lat' dir='ltr'>nihil</span> <span class='ocrx_word' id='word_1_204' title='bbox 611 3031 676 3149; x_wconf 53' lang='lat' dir='ltr'>peip4</span> <span class='ocrx_word' id='word_1_205' title='bbox 684 3006 834 3101; x_wconf 55' lang='lat' dir='ltr'>cubiculef</span> 
     </span>
    </p>

    <p class='ocr_par' dir='ltr' id='par_1_4' title="bbox 691 3109 710 3166">
     <span class='ocr_line' id='line_1_33' title="bbox 691 3109 710 3166; baseline 0 0"><span class='ocrx_word' id='word_1_206' title='bbox 691 3109 710 3166; x_wconf 82' lang='lat'>¹1</span> 
     </span>
    </p>
   </div>
   <div class='ocr_carea' id='block_1_3' title="bbox 0 0 1082 3984">
    <p class='ocr_par' dir='ltr' id='par_1_5' title="bbox 0 0 1082 3984">
     <span class='ocr_line' id='line_1_34' title="bbox 0 0 1082 3984; baseline 0 0"><span class='ocrx_word' id='word_1_207' title='bbox 0 0 1082 3984; x_wconf 95' lang='lat' dir='ltr'> </span> 
     </span>
    </p>
   </div>
  </div>
 </body>
</html>
