2117 3984
306 459 754 533 An'ArrtcvuL13.L
822 466 867 537 61

156 619 159 624 -
207 595 245 637 ms
257 596 317 637 non
328 577 423 638 modo
436 575 591 651 sermone,
606 599 639 638 ac
654 578 848 660 disputatione
859 597 871 656 ,'

200 656 238 717 ud
255 657 412 738 conspediu
432 655 518 750 ipso,
538 658 687 739 congressu
709 680 744 720 ue
761 659 869 722 vestro.

196 733 261 797 Nam
270 762 291 811 ·,
316 757 425 818 quanta
444 752 481 825 stt
504 740 534 795 in
558 738 672 817 Quinto
688 681 779 800 dune
799 762 871 802 meo

189 817 654 975 zdffsqifflssiss‘iffi’
671 818 760 957 diii
773 822 869 960 ‘32¹⁶'

641 942 650 971 ,
723 922 739 957 a
818 922 871 980 po·

143 1023 146 1070 ἱ
188 978 311 1038 nendam
329 975 544 1050 offensionem,
562 978 630 1037 nihil
649 980 753 1038 attinet
769 999 816 1040 me
834 981 871 1040 ad

187 1074 231 1130 te,
243 1059 296 1138 qui
309 1077 346 1117 ea
359 1055 453 1130 nosti,
469 1055 608 1118 scribere:
623 1057 670 1117 sed
686 1059 791 1119 accidit
806 1079 872 1139 per-

186 1137 395 1211 incommode,
414 1137 495 1276 quod
515 1155 583 1196 eum
602 1136 737 1217 nusquam
759 1137 872 1199 vidisti:

184 1218 271 1279 valuit
291 1220 376 1280 enim
401 1237 489 1296 pus,
507 1217 587 1297 quod
608 1234 669 1277 etat
686 1219 727 1277 illi
743 1220 872 1279 nonnul-

183 1298 276 1359 lorum
292 1296 423 1358 artificiis
435 1297 627 1370 inculcatum,
642 1296 728 1377 quim
743 1316 791 1358 aut
804 1297 872 1358 offi-

185 1380 279 1453 cium,
300 1396 354 1439 aut
378 1377 585 1450 necessitudo,
605 1396 653 1437 aut
674 1399 756 1437 aanor
776 1377 872 1439 vestet

186 1458 229 1519 ille
239 1457 382 1539 pristinus
393 1500 403 1531 ,
416 1459 467 1537 qui
482 1457 637 1536 plurimum
648 1457 747 1517 valere
763 1458 874 1520 debuit.

188 1537 283 1619 Atque
308 1536 397 1617 hujus
414 1536 595 1596 incommodi
618 1537 703 1615 culpa
727 1538 778 1596 ubi
796 1540 873 1597 resi-

192 1618 259 1678 deat
266 1618 397 1693 ‚facilins
404 1614 700 1697 possumexistimare,
709 1617 794 1696 quium
805 1616 874 1676 scri·

194 1695 280 1758 bete:
297 1718 406 1759 vereor
425 1699 525 1771 enim,
549 1718 606 1769 ne,
626 1697 696 1756 dum
715 1696 872 1758 defendam

191 1797 289 1853 meos,
308 1800 373 1838 non
415 1797 510 1836 arcam
528 1779 613 1837 tuis:
641 1796 708 1836 nam
725 1781 765 1837 sie
782 1780 873 1837 intel-

188 1857 264 1940 ligo,
278 1876 312 1919 ut
329 1799 433 1917 nihifa
449 1857 611 1917 domesticis
624 1858 749 1917 vulneris
765 1857 872 1920 fadum

188 1942 245 2013 sit,
263 1938 339 1998 illud
360 1937 502 2018 quidem,
525 1937 605 2017 quod
622 1955 775 2009 erat‚·.eos
794 1939 873 1999 cette

188 2018 283 2078 sanare
304 2016 438 2099 potuiffe.
460 2016 517 2077 Sed
533 2015 647 2093 hujusce
666 2021 706 2076 tei
722 2023 809 2079 totius
822 2020 873 2079 vi-

188 2101 281 2171 tium,
303 2098 385 2179 quod
406 2098 552 2178 aliquanto
570 2100 655 2156 etiam
673 2098 755 2156 latiis
776 2114 873 2177 patet,

194 2178 281 2257 quim
303 2178 441 2250 videtur,
468 2176 599 2256 praesenti
619 2176 671 2234 tibi
692 2178 874 2237 commodius

194 2277 349 2337 exponam.
363 2258 414 2329 De
426 2260 460 2316 iis
474 2258 598 2327 litteris,
612 2274 680 2333 quas
695 2257 730 2313 ad
745 2275 774 2314 te
786 2256 876 2315 Thes·

190 2336 316 2398 salonicd
334 2341 434 2405 misit,
463 2338 494 2395 dt
513 2338 549 2396 de
570 2334 774 2405 sermonibus,
800 2354 875 2413 quos

190 2420 230 2493 ab,
243 2420 295 2479 illo
319 2420 351 2479 &
375 2417 478 2477 Romae
498 2416 575 2498 apud
597 2418 707 2475 amicos
728 2433 819 2488 tuos,
842 2415 875 2475 &

191 2500 220 2557 in
236 2502 339 2560 itinere
368 2498 481 2557 habitos
505 2514 615 2576 putas,
642 2496 745 2575 ecquid
765 2514 876 2555 tantum

193 2579 277 2639 causae
301 2581 362 2652 sit,
381 2581 506 2659 ignoro:
524 2576 573 2636 sed
591 2576 683 2633 omnis
702 2578 731 2634 in
752 2592 801 2635 tua
819 2598 876 2656 po·

193 2659 243 2720 sita
256 2657 298 2720 est
313 2660 492 2718 humanitate
510 2658 580 2715 mihi
596 2654 659 2733 spes
675 2653 757 2732 hujus
772 2658 876 2716 levan-

193 2739 235 2798 dae
262 2737 434 2799 molestis:
462 2758 529 2796 nam
547 2781 557 2808 ,
576 2737 600 2795 si
619 2739 659 2795 ita
678 2733 823 2808 statuetis,
843 2737 877 2796 &

193 2820 343 2880 im'tabiles
373 2820 485 2877 animos
514 2815 569 2877 effe
600 2818 777 2895 optimorum
801 2814 879 2893 saepe

193 2899 365 2970 hominum,
387 2899 420 2958 &
445 2896 562 2958 eosdem
581 2897 755 2976 placabiles3
773 2896 805 2953 &
819 2891 878 2954 effe

193 2978 264 3042 hanc
279 2982 459 3063 agilitatem,
477 2996 508 3040 ut
523 2980 563 3040 ita
578 2978 690 3052 dicam,
706 2975 877 3038 mollitiam
